@article{who2010,
  title={Progress on sanitation and drinking-water--2010 update},
  author={WHO, Unicef},
  journal={Geneva: World Health Organization},
  volume={60},
  year={2010}
}
@article{niziol1995,
  title={Winter weather forecasting throughout the eastern United States. Part IV: Lake effect snow},
  author={Niziol, Thomas A and Snyder, Warren R and Waldstreicher, Jeff S},
  journal={Weather and Forecasting},
  volume={10},
  number={1},
  pages={61--77},
  year={1995}
}
@article{johansson2007,
  title={New approaches to the modelling of lake basin morphometry},
  author={Johansson, H{\aa}kan and Brolin, A Angelica and H{\aa}kanson, Lars},
  journal={Environmental Modeling \& Assessment},
  volume={12},
  number={3},
  pages={213--228},
  year={2007},
  publisher={Springer}
}
@article{choulga2014,
  title={Estimation of the mean depth of boreal lakes for use in numerical weather prediction and climate modelling},
  author={Choulga, Margarita and Kourzeneva, Ekaterina and Zakharova, Elena and Doganovsky, Arkady},
  journal={Tellus A: Dynamic Meteorology and Oceanography},
  volume={66},
  number={1},
  pages={21295},
  year={2014},
  publisher={Taylor \& Francis}
}
@article{faroux2013,
  title={ECOCLIMAP-II/Europe: A twofold database of ecosystems and surface parameters at 1 km resolution based on satellite information for use in land surface, meteorological and climate models},
  author={Faroux, S and Kaptu\'e Tchuent\'e, AT and Roujean, J-L and Masson, V and Martin, E and Moigne, P Le},
  journal={Geoscientific Model Development},
  volume={6},
  number={2},
  pages={563--582},
  year={2013},
  publisher={Copernicus GmbH}
}
@article{oliver2016,
  title={Prediction of lake depth across a 17-state region in the United States},
  author={Oliver, Samantha K and Soranno, Patricia A and Fergus, C Emi and Wagner, Tyler and Winslow, Luke A and Scott, Caren E and Webster, Katherine E and Downing, John A and Stanley, Emily H},
  journal={Inland Waters},
  volume={6},
  number={3},
  pages={314--324},
  year={2016},
  publisher={Taylor \& Francis}
}
@article{song2013,
  title={Modeling and analysis of lake water storage changes on the Tibetan Plateau using multi-mission satellite data},
  author={Song, Chunqiao and Huang, Bo and Ke, Linghong},
  journal={Remote Sensing of Environment},
  volume={135},
  pages={25--35},
  year={2013},
  publisher={Elsevier}
}
@article{rodell2018,
  title={Emerging trends in global freshwater availability},
  author={Rodell, M and Famiglietti, JS and Wiese, DN and Reager, JT and Beaudoing, HK and Landerer, FW and Lo, M-H},
  journal={Nature},
  volume={557},
  number={7707},
  pages={651},
  year={2018},
  publisher={Nature Publishing Group}
}
@article{codling2018,
  title={Spatial and temporal trends in poly-and per-fluorinated compounds in the Laurentian Great Lakes Erie, Ontario and St. Clair},
  author={Codling, Garry and Sturchio, Neil C and Rockne, Karl J and Li, An and Peng, H and Timothy, J Tse and Jones, Paul D and Giesy, John P},
  journal={Environmental Pollution},
  volume={237},
  pages={396--405},
  year={2018},
  publisher={Elsevier}
}
@article{eriksen2013,
  title={Microplastic pollution in the surface waters of the Laurentian Great Lakes},
  author={Eriksen, Marcus and Mason, Sherri and Wilson, Stiv and Box, Carolyn and Zellers, Ann and Edwards, William and Farley, Hannah and Amato, Stephen},
  journal={Marine pollution bulletin},
  volume={77},
  number={1-2},
  pages={177--182},
  year={2013},
  publisher={Elsevier}
}
@article{kummu2011,
  title={How close do we live to water? A global analysis of population distance to freshwater bodies},
  author={Kummu, Matti and De Moel, Hans and Ward, Philip J and Varis, Olli},
  journal={PloS one},
  volume={6},
  number={6},
  pages={e20578},
  year={2011},
  publisher={Public Library of Science}
}
@article{le2009,
  title={SURFEX scientific documentation},
  author={Le Moigne, P and Boone, A and Calvet, JC and Decharme, B and Faroux, S and Gibelin, AL and Lebeaupin, C and Mahfouf, JF and Martin, E and Masson, V and others},
  journal={Note de centre (CNRM/GMME), M{\'e}t{\'e}o-France, Toulouse, France},
  year={2009}
}
@article{busker2019,
  title={A global lake and reservoir volume analysis using a surface water dataset and satellite altimetry},
  author={Busker, Tim and Roo, Ad de and Gelati, Emiliano and Schwatke, Christian and Adamovic, Marko and Bisselink, Berny and Pekel, Jean-Francois and Cottam, Andrew},
  journal={Hydrology and Earth System Sciences},
  volume={23},
  number={2},
  pages={669--690},
  year={2019},
  publisher={Copernicus GmbH}
}
@article{marsily2018,
  title={Allons-nous bient\^ot manquer d'eau?},
  author={Marsily, Ghislain de and Abarca-del-Rio, Rodrigo and Cazenave, Anny and Ribstein, Pierre},
  journal={La M\'et\'eorologie},
  year={2018},
  publisher={Association M{\'e}t{\'e}o et Climat}
}
@article{lehner2004,
  title={Development and validation of a global database of lakes, reservoirs and wetlands},
  author={Lehner, Bernhard and D{\"o}ll, Petra},
  journal={Journal of Hydrology},
  volume={296},
  number={1-4},
  pages={1--22},
  year={2004},
  publisher={Elsevier}
}
@article{schallenberg2013,
  title={Ecosystem services of lakes},
  author={Schallenberg, Marc and de Winton, Mary D and Verburg, Piet and Kelly, David J and Hamill, Keith D and Hamilton, David P and others},
  journal={Ecosystem services in New Zealand: conditions and trends. Manaaki Whenua Press, Lincoln},
  pages={203--225},
  year={2013}
}
@article{cook2015,
  title={Estimating the volume of Alpine glacial lakes},
  author={Cook, SJ and Quincey, DJ},
  journal={Earth Surface Dynamics Discussions},
  volume={3},
  year={2015},
  publisher={Copernicus Publications}
}
@book{rogers2007,
  title={Environmental and Water Resources: Milestones in Engineering History},
  author={Rogers, Jerry R},
  year={2007}
}
@article{bowling2010,
  title={Modeling the effects of lakes and wetlands on the water balance of Arctic environments},
  author={Bowling, Laura C and Lettenmaier, Dennis P},
  journal={Journal of Hydrometeorology},
  volume={11},
  number={2},
  pages={276--295},
  year={2010}
}
@article{verpoorter2014,
  title={A global inventory of lakes based on high-resolution satellite imagery},
  author={Verpoorter, Charles and Kutser, Tiit and Seekell, David A and Tranvik, Lars J},
  journal={Geophysical Research Letters},
  volume={41},
  number={18},
  pages={6396--6402},
  year={2014},
  publisher={Wiley Online Library}
}
@article{wurtsbaugh2017,
  title={Decline of the world's saline lakes},
  author={Wurtsbaugh, Wayne A and Miller, Craig and Null, Sarah E and DeRose, R Justin and Wilcock, Peter and Hahnenberger, Maura and Howe, Frank and Moore, Johnnie},
  journal={Nature Geoscience},
  volume={10},
  number={11},
  pages={816},
  year={2017},
  publisher={Nature Publishing Group}
}
@misc{gross2017,
  title={The world’s vanishing lakes},
  author={Gross, Michael},
  journal={Current Biology},
  number={27},
  pages={43-46},
  year={2017},
  publisher={Elsevier}
}
@article{williams1996,
  title={What future for saline lakes?},
  author={Williams, William David},
  journal={Environment: Science and Policy for Sustainable Development},
  volume={38},
  number={9},
  pages={12--39},
  year={1996},
  publisher={Taylor \& Francis}
}
@article{cai2016,
  title={Climate variability and international migration: The importance of the agricultural linkage},
  author={Cai, Ruohong and Feng, Shuaizhang and Oppenheimer, Michael and Pytlikova, Mariola},
  journal={Journal of Environmental Economics and Management},
  volume={79},
  pages={135--151},
  year={2016},
  publisher={Elsevier}
}
@article{vorosmarty2000,
  title={Global water resources: vulnerability from climate change and population growth},
  author={V{\"o}r{\"o}smarty, Charles J and Green, Pamela and Salisbury, Joseph and Lammers, Richard B},
  journal={science},
  volume={289},
  number={5477},
  pages={284--288},
  year={2000},
  publisher={American Association for the Advancement of Science}
}
@article{oki2006,
  title={Global hydrological cycles and world water resources},
  author={Oki, Taikan and Kanae, Shinjiro},
  journal={science},
  volume={313},
  number={5790},
  pages={1068--1072},
  year={2006},
  publisher={American Association for the Advancement of Science}
}
@article{marchildon2008,
  title={Drought and institutional adaptation in the Great Plains of Alberta and Saskatchewan, 1914--1939},
  author={Marchildon, Gregory P and Kulshreshtha, Suren and Wheaton, Elaine and Sauchyn, Dave},
  journal={Natural Hazards},
  volume={45},
  number={3},
  pages={391--411},
  year={2008},
  publisher={Springer}
}
@article{mekonnen2016,
  title={Four billion people facing severe water scarcity},
  author={Mekonnen, Mesfin M and Hoekstra, Arjen Y},
  journal={Science advances},
  volume={2},
  number={2},
  pages={e1500323},
  year={2016},
  publisher={American Association for the Advancement of Science}
}
@book{world2009,
  title={Water in a changing world},
  author={World Water Assessment Programme (United Nations)},
  volume={1},
  year={2009},
  publisher={Earthscan}
}
@article{vorosmarty2010,
  title={Global threats to human water security and river biodiversity},
  author={V{\"o}r{\"o}smarty, Charles J and McIntyre, Peter B and Gessner, Mark O and Dudgeon, David and Prusevich, Alexander and Green, Pamela and Glidden, Stanley and Bunn, Stuart E and Sullivan, Caroline A and Liermann, C Reidy and others},
  journal={Nature},
  volume={467},
  number={7315},
  pages={555},
  year={2010},
  publisher={Nature Publishing Group}
}
@article{ceola2015,
  title={Human-impacted waters: New perspectives from global high-resolution monitoring},
  author={Ceola, Serena and Laio, Francesco and Montanari, Alberto},
  journal={Water Resources Research},
  volume={51},
  number={9},
  pages={7064--7079},
  year={2015},
  publisher={Wiley Online Library}
}
@article{janse2015,
  title={GLOBIO-Aquatic, a global model of human impact on the biodiversity of inland aquatic ecosystems},
  author={Janse, JH and Kuiper, JJ and Weijters, MJ and Westerbeek, EP and Jeuken, MHJL and Bakkenes, M and Alkemade, R and Mooij, WM and Verhoeven, JTA},
  journal={Environmental Science \& Policy},
  volume={48},
  pages={99--114},
  year={2015},
  publisher={Elsevier}
}
@book{goudie2018,
  title={Human impact on the natural environment},
  author={Goudie, Andrew S},
  year={2018},
  publisher={John Wiley \& Sons}
}
@article{ogutu1997,
  title={Human impacts on the African great lakes},
  author={Ogutu-Ohwayo, Richard and Hecky, Robert E and Cohen, Andrew S and Kaufman, Les},
  journal={Environmental Biology of Fishes},
  volume={50},
  number={2},
  pages={117--131},
  year={1997},
  publisher={Springer}
}
@article{zhang2016,
  title={Microplastic pollution of lakeshore sediments from remote lakes in Tibet plateau, China},
  author={Zhang, Kai and Su, Jing and Xiong, Xiong and Wu, Xiang and Wu, Chenxi and Liu, Jiantong},
  journal={Environmental pollution},
  volume={219},
  pages={450--455},
  year={2016},
  publisher={Elsevier}
}
@article{smith2015,
  title={Rating impacts in a multi-stressor world: a quantitative assessment of 50 stressors affecting the Great Lakes},
  author={Smith, Sigrid DP and McIntyre, Peter B and Halpern, Benjamin S and Cooke, Roger M and Marino, Adrienne L and Boyer, Gregory L and Buchsbaum, Andy and Burton Jr, GA and Campbell, Linda M and Ciborowski, Jan JH and others},
  journal={Ecological Applications},
  volume={25},
  number={3},
  pages={717--728},
  year={2015},
  publisher={Wiley Online Library}
}
@article{williamson2009,
  title={Lakes and reservoirs as sentinels, integrators, and regulators of climate change},
  author={Williamson, Craig E and Saros, Jasmine E and Vincent, Warwick F and Smol, John P},
  journal={Limnology and Oceanography},
  volume={54},
  number={6part2},
  pages={2273--2282},
  year={2009},
  publisher={Wiley Online Library}
}
@article{sharma2015,
  title={A global database of lake surface temperatures collected by in situ and satellite methods from 1985--2009},
  author={Sharma, Sapna and Gray, Derek K and Read, Jordan S and O’Reilly, Catherine M and Schneider, Philipp and Qudrat, Anam and Gries, Corinna and Stefanoff, Samantha and Hampton, Stephanie E and Hook, Simon and others},
  journal={Scientific Data},
  volume={2},
  pages={150008},
  year={2015},
  publisher={Nature Publishing Group}
}
@article{palmer2014,
  title={Climate change drives coherent trends in physics and oxygen content in North American lakes},
  author={Palmer, Michelle E and Yan, Norman D and Somers, Keith M},
  journal={Climatic change},
  volume={124},
  number={1-2},
  pages={285--299},
  year={2014},
  publisher={Springer}
}
@article{wagner2012,
  title={A phenomenological approach shows a high coherence of warming patterns in dimictic aquatic systems across latitude},
  author={Wagner, Annekatrin and H{\"u}lsmann, Stephan and Paul, Lothar and Paul, R{\"u}diger J and Petzoldt, Thomas and Sachse, Ren{\'e} and Schiller, Thomas and Zeis, Bettina and Benndorf, J{\"u}rgen and Berendonk, Thomas U},
  journal={Marine biology},
  volume={159},
  number={11},
  pages={2543--2559},
  year={2012},
  publisher={Springer}
}
@article{oreilly2015,
  title={Rapid and highly variable warming of lake surface waters around the globe},
  author={O'Reilly, Catherine M and Sharma, Sapna and Gray, Derek K and Hampton, Stephanie E and Read, Jordan S and Rowley, Rex J and Schneider, Philipp and Lenters, John D and McIntyre, Peter B and Kraemer, Benjamin M and others},
  journal={Geophysical Research Letters},
  volume={42},
  number={24},
  pages={10--773},
  year={2015},
  publisher={Wiley Online Library}
}
@article{lemoigne2016,
  title={Impact of lake surface temperatures simulated by the FLake scheme in the CNRM-CM5 climate model},
  author={Le Moigne, Patrick and Colin, Jeanne and Decharme, Bertrand},
  journal={Tellus A: Dynamic Meteorology and Oceanography},
  volume={68},
  number={1},
  pages={31274},
  year={2016},
  publisher={Taylor \& Francis}
}
@incollection{meybeck1995,
  title={Global distribution of lakes},
  author={Meybeck, Michel},
  booktitle={Physics and chemistry of lakes},
  pages={1--35},
  year={1995},
  publisher={Springer}
}
@article{ryanzhin2005,
  title={Global statistics for surface area and volume of natural world lakes: Dedicated to memory of Professor Milan Stra{\v{s}}kraba},
  author={Ryanzhin, SV},
  journal={Internationale Vereinigung f{\"u}r theoretische und angewandte Limnologie: Verhandlungen},
  volume={29},
  number={2},
  pages={640--644},
  year={2005},
  publisher={Taylor \& Francis}
}
@article{cael2017,
  title={The volume and mean depth of Earth's lakes},
  author={Cael, B Barry and Heathcote, Adam J and Seekell, David A},
  journal={Geophysical Research Letters},
  volume={44},
  number={1},
  pages={209--218},
  year={2017},
  publisher={Wiley Online Library}
}
@article{heathcote2015,
  title={Predicting bathymetric features of lakes from the topography of their surrounding landscape},
  author={Heathcote, Adam J and del Giorgio, Paul A and Prairie, Yves T},
  journal={Canadian journal of fisheries and aquatic sciences},
  volume={72},
  number={5},
  pages={643--650},
  year={2015},
  publisher={NRC Research Press}
}
@article{cardille2004,
  title={Impacts of climate variation and catchment area on water balance and lake hydrologic type in groundwater-dominated systems: a generic lake model},
  author={Cardille, Jeffrey and Coe, Michael T and Vano, Julie A},
  journal={Earth Interactions},
  volume={8},
  number={13},
  pages={1--24},
  year={2004}
}
@article{mosquera2017,
  title={Abundance and morphometry changes across the high-mountain lake-size gradient in the tropical A ndes of S outhern E cuador},
  author={Mosquera, Pablo V and Hampel, Henrietta and V{\'a}zquez, Ra{\'u}l F and Alonso, Miguel and Catalan, Jordi},
  journal={Water Resources Research},
  volume={53},
  number={8},
  pages={7269--7280},
  year={2017},
  publisher={Wiley Online Library}
}
@article{hollister2010,
  title={Using GIS to estimate lake volume from limited data},
  author={Hollister, Jeffrey and Milstead, W Bryan},
  journal={Lake and Reservoir Management},
  volume={26},
  number={3},
  pages={194--199},
  year={2010},
  publisher={Taylor \& Francis}
}
@article{hollister2011,
  title={Predicting maximum lake depth from surrounding topography},
  author={Hollister, Jeffrey W and Milstead, W Bryan and Urrutia, M Andrea},
  journal={PLoS One},
  volume={6},
  number={9},
  pages={e25764},
  year={2011},
  publisher={Public Library of Science}
}
@book{wetzel2001,
  title={Limnology: lake and river ecosystems},
  author={Wetzel, Robert G},
  year={2001},
  publisher={gulf professional publishing}
}
@article{mcdonald2012,
  title={The regional abundance and size distribution of lakes and reservoirs in the United States and implications for estimates of global lake extent},
  author={McDonald, Cory P and Rover, Jennifer A and Stets, Edward G and Striegl, Robert G},
  journal={Limnology and Oceanography},
  volume={57},
  number={2},
  pages={597--606},
  year={2012},
  publisher={Wiley Online Library}
}
@article{messager2016,
  title={Estimating the volume and age of water stored in global lakes using a geo-statistical approach},
  author={Messager, Mathis Lo{\"\i}c and Lehner, Bernhard and Grill, G{\"u}nther and Nedeva, Irena and Schmitt, Oliver},
  journal={Nature communications},
  volume={7},
  pages={13603},
  year={2016},
  publisher={Nature Publishing Group}
}
@article{lee2010,
  title={Characterization of surface water storage changes in Arctic lakes using simulated SWOT measurements},
  author={Lee, Hyongki and Durand, Michael and Jung, Hahn Chul and Alsdorf, Doug and Shum, CK and Sheng, Yongwei},
  journal={International Journal of Remote Sensing},
  volume={31},
  number={14},
  pages={3931--3953},
  year={2010},
  publisher={Taylor \& Francis}
}
@incollection{biancamaria2016,
  title={The SWOT mission and its capabilities for land hydrology},
  author={Biancamaria, Sylvain and Lettenmaier, Dennis P and Pavelsky, Tamlin M},
  booktitle={Remote Sensing and Water Resources},
  pages={117--147},
  year={2016},
  publisher={Springer}
}
@article{arp2016,
  title={Threshold sensitivity of shallow Arctic lakes and sublake permafrost to changing winter climate},
  author={Arp, Christopher D and Jones, Benjamin M and Grosse, Guido and Bondurant, Allen C and Romanovsky, Vladimir E and Hinkel, Kenneth M and Parsekian, Andrew D},
  journal={Geophysical Research Letters},
  volume={43},
  number={12},
  pages={6358--6365},
  year={2016},
  publisher={Wiley Online Library}
}
@article{lemoigne2009,
  title={SURFEX scientific documentation},
  author={Le Moigne, P and Boone, A and Calvet, JC and Decharme, B and Faroux, S and Gibelin, AL and Lebeaupin, C and Mahfouf, JF and Martin, E and Masson, V and others},
  journal={Note de centre (CNRM/GMME), M{\'e}t{\'e}o-France, Toulouse, France},
  year={2009}
}
@article{tranvik2009,
  title={Lakes and reservoirs as regulators of carbon cycling and climate},
  author={Tranvik, Lars J and Downing, John A and Cotner, James B and Loiselle, Steven A and Striegl, Robert G and Ballatore, Thomas J and Dillon, Peter and Finlay, Kerri and Fortino, Kenneth and Knoll, Lesley B and others},
  journal={Limnology and Oceanography},
  volume={54},
  number={6part2},
  pages={2298--2314},
  year={2009},
  publisher={Wiley Online Library}
}
@article{algesten2004,
  title={Role of lakes for organic carbon cycling in the boreal zone},
  author={Algesten, Grete and Sobek, Sebastian and Bergstr{\"o}m, Ann-Kristin and {\AA}gren, Anneli and Tranvik, Lars J and Jansson, Mats},
  journal={Global change biology},
  volume={10},
  number={1},
  pages={141--147},
  year={2004},
  publisher={Wiley Online Library}
}
@article{zajac2017,
  title={The impact of lake and reservoir parameterization on global streamflow simulation},
  author={Zajac, Zuzanna and Revilla-Romero, Beatriz and Salamon, Peter and Burek, Peter and Hirpa, Feyera A and Beck, Hylke},
  journal={Journal of hydrology},
  volume={548},
  pages={552--568},
  year={2017},
  publisher={Elsevier}
}
@article{leroux2019,
  title={Climate change impact on lake surface energy budget in the 20th century},
  author={Leroux, J. Delphine and Le Moigne, Patrick and Boone, Aaron and Guinaldo, Thibault},
  journal={HESS},
  year={In prep},
}
@article{thiery2015,
  title={The impact of the African Great Lakes on the regional climate},
  author={Thiery, Wim and Davin, Edouard L and Panitz, Hans-J{\"u}rgen and Demuzere, Matthias and Lhermitte, Stef and Van Lipzig, Nicole},
  journal={Journal of Climate},
  volume={28},
  number={10},
  pages={4061--4085},
  year={2015}
}
@article{samuelsson2010,
  title={The impact of lakes on the European climate as simulated by a regional climate model},
  author={Samuelsson, Patrick and Kourzeneva, Ekaterina and Mironov, Dmitrii},
  journal={Boreal Environmental Research},
  volume={15},
  pages={113--129},
  year={2010},
  publisher={Boreal Environment Research Publishing Board}
}
@article{martynov2012,
  title={Interactive lakes in the Canadian Regional Climate Model, version 5: the role of lakes in the regional climate of North America},
  author={Martynov, Andrey and Sushama, Laxmi and Laprise, Ren{\'e} and Winger, Katja and Dugas, Bernard},
  journal={Tellus A: Dynamic Meteorology and Oceanography},
  volume={64},
  number={1},
  pages={16226},
  year={2012},
  publisher={Taylor \& Francis}
}
@article{pujol2011,
  title={Kinematics and microphysics of MAP-IOP3 event from radar observations and Meso-NH simulations},
  author={Pujol, O and Lascaux, F and Georgis, JF},
  journal={Atmospheric research},
  volume={101},
  number={1-2},
  pages={124--142},
  year={2011},
  publisher={Elsevier}
}
@article{cretaux2016,
  title={Lake volume monitoring from space},
  author={Cr{\'e}taux, J-F and Abarca-del-R{\'\i}o, Rodrigo and Berge-Nguyen, Muriel and Arsen, Adalbert and Drolon, Vanessa and Clos, G and Maisongrande, P},
  journal={Surveys in Geophysics},
  volume={37},
  number={2},
  pages={269--305},
  year={2016},
  publisher={Springer}
}
@article{voldoire2013,
  title={The CNRM-CM5. 1 global climate model: description and basic evaluation},
  author={Voldoire, Aurore and Sanchez-Gomez, E and y M{\'e}lia, D Salas and Decharme, B and Cassou, Christophe and S{\'e}n{\'e}si, S and Valcke, Sophie and Beau, I and Alias, A and Chevallier, M and others},
  journal={Climate dynamics},
  volume={40},
  number={9-10},
  pages={2091--2121},
  year={2013},
  publisher={Springer}
}
@article{voldoire2019,
  title={Evaluation of CMIP6 DECK Experiments With CNRM-CM6-1},
  author={Voldoire, A and Saint-Martin, D and S{\'e}n{\'e}si, S and Decharme, B and Alias, A and Chevallier, M and Colin, J and Gu{\'e}r{\'e}my, J-F and Michou, M and Moine, M-P and others},
  journal={Journal of Advances in Modeling Earth Systems},
  volume={11},
  number={7},
  pages={2177--2213},
  year={2019},
  publisher={Wiley Online Library}
}
@article{decharme2007,
  title={Global validation of the ISBA sub-grid hydrology},
  author={Decharme, Bertrand and Douville, Herv{\'e}},
  journal={Climate Dynamics},
  volume={29},
  number={1},
  pages={21--37},
  year={2007},
  publisher={Springer}
}
@article{boone2001,
  title={An intercomparison of three snow schemes of varying complexity coupled to the same land surface model: Local-scale evaluation at an Alpine site},
  author={Boone, Aaron and Etchevers, Pierre},
  journal={Journal of Hydrometeorology},
  volume={2},
  number={4},
  pages={374--394},
  year={2001}
}
@article{boone2000,
  title={The influence of the inclusion of soil freezing on simulations by a soil--vegetation--atmosphere transfer scheme},
  author={Boone, Aaron and Masson, V and Meyers, T and Noilhan, J},
  journal={Journal of Applied Meteorology},
  volume={39},
  number={9},
  pages={1544--1569},
  year={2000}
}
@article{noilhan1989,
  title={A simple parameterization of land surface processes for meteorological models},
  author={Noilhan, J and Planton, S},
  journal={Monthly weather review},
  volume={117},
  number={3},
  pages={536--549},
  year={1989}
}
@Article{decharme2016,
AUTHOR = {Decharme, B. and Brun, E. and Boone, A. and Delire, C. and Le Moigne, P. and Morin, S.},
TITLE = {Impacts of snow and organic soils parameterization on northern Eurasian soil temperature profiles simulated by the ISBA land surface model},
JOURNAL = {The Cryosphere},
VOLUME = {10},
YEAR = {2016},
NUMBER = {2},
PAGES = {853--877},
URL = {https://www.the-cryosphere.net/10/853/2016/},
DOI = {10.5194/tc-10-853-2016}
}
@Article{napoly2017,
AUTHOR = {Napoly, A. and Boone, A. and Samuelsson, P. and Gollvik, S. and Martin, E. and Seferian, R. and Carrer, D. and Decharme, B. and Jarlan, L.},
TITLE = {The interactions between soil--biosphere--atmosphere (ISBA) land surface model multi-energy balance (MEB) option in SURFEXv8-- Part 2: Introduction of a litter formulation and model evaluation for local-scale forest sites},
JOURNAL = {Geoscientific Model Development},
VOLUME = {10},
YEAR = {2017},
NUMBER = {4},
PAGES = {1621--1644},
URL = {https://www.geosci-model-dev.net/10/1621/2017/},
DOI = {10.5194/gmd-10-1621-2017}
}
@article{oki1998,
  title={Design of Total Runoff Integrating Pathways (TRIP) A global river channel network},
  author={Oki, Taikan and Sud, YC},
  journal={Earth interactions},
  volume={2},
  number={1},
  pages={1--37},
  year={1998}
}
@article{decharme2010,
  title={Global evaluation of the ISBA-TRIP continental hydrological system. Part II: Uncertainties in river routing simulation related to flow velocity and groundwater storage},
  author={Decharme, B and Alkama, R and Douville, H and Becker, M and Cazenave, A},
  journal={Journal of Hydrometeorology},
  volume={11},
  number={3},
  pages={601--617},
  year={2010}
}
@article{decharme2012,
  title={Global off-line evaluation of the ISBA-TRIP flood model},
  author={Decharme, B and Alkama, R and Papa, Fabrice and Faroux, S and Douville, H and Prigent, Christophe},
  journal={Climate Dynamics},
  volume={38},
  number={7-8},
  pages={1389--1412},
  year={2012},
  publisher={Springer}
}
@article{vergnes2012,
  title={A simple groundwater scheme for hydrological and climate applications: Description and offline evaluation over France},
  author={Vergnes, J-P and Decharme, B and Alkama, R and Martin, E and Habets, Florence and Douville, H},
  journal={Journal of Hydrometeorology},
  volume={13},
  number={4},
  pages={1149--1171},
  year={2012}
}
@article{vergnes2014,
  title={Introduction of groundwater capillary rises using subgrid spatial variability of topography into the ISBA land surface model},
  author={Vergnes, J-P and Decharme, B and Habets, Florence},
  journal={Journal of Geophysical Research: Atmospheres},
  volume={119},
  number={19},
  pages={11--065},
  year={2014},
  publisher={Wiley Online Library}
}
@article{decharme2019,
  title={Recent changes in the ISBA-CTRIP land surface system for use in the CNRM-CM6 climate model and in global off-line hydrological applications},
  author={Decharme, Bertrand and Delire, Christine and Minvielle, Marie and Colin, Jeanne and Vergnes, Jean-Pierre and Alias, Antoinette and Saint-Martin, David and S{\'e}f{\'e}rian, Roland and S{\'e}n{\'e}si, St{\'e}phane and Voldoire, Aurore},
  journal={Journal of Advances in Modeling Earth Systems},
  volume={11},
  number={5},
  pages={1207--1252},
  year={2019},
  publisher={Wiley Online Library}
}
@article{huziy2017,
  title={Impact of lake--river connectivity and interflow on the Canadian RCM simulated regional climate and hydrology for Northeast Canada},
  author={Huziy, O and Sushama, L},
  journal={Climate Dynamics},
  volume={48},
  number={3-4},
  pages={709--725},
  year={2017},
  publisher={Springer}
}
@article{burek2019,
  title={Development of the Community Water Model (CWatM v1. 04)--a high-resolution hydrological model for global and regional assessment of integrated water resources management},
  author={Burek, Peter and Satoh, Yusuke and Kahil, Taher and Tang, Ting and Greve, Peter and Smilovic, Mikhail and Guillaumot, Luca and Zhao, Fang and Wada, Yoshihide},
  journal={Geoscientific Model Development},
  volume={13},
  number={7},
  pages={3267--3298},
  year={2020},
  publisher={Copernicus GmbH}
}
@article{vanderkelen2018a,
  title={Modelling the water balance of Lake Victoria (East Africa)-Part 1: Observational analysis},
  author={Vanderkelen, Inne and Van Lipzig, Nicole PM and Thiery, Wim},
  journal={Hydrology and Earth System Sciences},
  volume={22},
  number={10},
  pages={5509--5525},
  year={2018},
  publisher={Copernicus Publications}
}
@article{vanderkelen2018b,
  title={Modelling the water balance of Lake Victoria (East Africa)-Part 2: Future projections},
  author={Vanderkelen, Inne and van Lipzig, Nicole PM and Thiery, Wim},
  journal={Hydrology and Earth System Sciences},
  volume={22},
  number={10},
  pages={5527--5549},
  year={2018},
  publisher={Copernicus Publications}
}
@article{habets2008,
  title={The SAFRAN-ISBA-MODCOU hydrometeorological model applied over France},
  author={Habets, Florence and Boone, Aaron and Champeaux, Jean-Louis and Etchevers, Pierre and Franchisteguy, Laurent and Leblois, Etienne and Ledoux, Emmanuel and Le Moigne, P and Martin, Eric and Morel, Sophie and others},
  journal={Journal of Geophysical Research: Atmospheres},
  volume={113},
  number={D6},
  year={2008},
  publisher={Wiley Online Library}
}
@article{decharme2011,
  title={Local evaluation of the Interaction between Soil Biosphere Atmosphere soil multilayer diffusion scheme using four pedotransfer functions},
  author={Decharme, B and Boone, A and Delire, C and Noilhan, J},
  journal={Journal of Geophysical Research: Atmospheres},
  volume={116},
  number={D20},
  year={2011},
  publisher={Wiley Online Library}
}
@article{brun1989,
  title={An energy and mass model of snow cover suitable for operational avalanche forecasting},
  author={Brun, E and Martin, E and Simon, V and Gendre, C and Coleou, C},
  journal={Journal of Glaciology},
  volume={35},
  number={121},
  pages={333--342},
  year={1989},
  publisher={Cambridge University Press}
}
@article{decharme2013,
  title={Reconciling soil thermal and hydrological lower boundary conditions in land surface models},
  author={Decharme, Bertrand and Martin, Eric and Faroux, St{\'e}phanie},
  journal={Journal of Geophysical Research: Atmospheres},
  volume={118},
  number={14},
  pages={7819--7834},
  year={2013},
  publisher={Wiley Online Library}
}
@article{cretaux2011,
  title={SOLS: A lake database to monitor in the Near Real Time water level and storage variations from remote sensing data},
  author={Cr{\'e}taux, J-F and Jelinski, W and Calmant, St{\'e}phane and Kouraev, A and Vuglinski, V and Berg{\'e}-Nguyen, M and Gennero, M-C and Nino, Fernando and Del Rio, R Abarca and Cazenave, A and others},
  journal={Advances in space research},
  volume={47},
  number={9},
  pages={1497--1507},
  year={2011},
  publisher={Elsevier}
}
@article{salgado2010,
  title={Coupling of the FLake model to the Surfex externalized surface model},
  author={Salgado, Rui and Le Moigne, Patrick},
  journal={Boreal Environment Research},
  volume={15},
  pages={231-244},
  year={2010}
}
@book{mironov2008,
  title={Parameterization of lakes in numerical weather prediction: Description of a lake model},
  author={Mironov, Dmitrii V},
  year={2008},
  publisher={DWD}
}
@article{le2016,
  title={Impact of lake surface temperatures simulated by the FLake scheme in the CNRM-CM5 climate model},
  author={Le Moigne, Patrick and Colin, Jeanne and Decharme, Bertrand},
  journal={Tellus A: Dynamic Meteorology and Oceanography},
  volume={68},
  number={1},
  pages={31274},
  year={2016},
  publisher={Taylor \& Francis}
}
@article{eerola2014,
  title={Impact of partly ice-free Lake Ladoga on temperature and cloudiness in an anticyclonic winter situation--a case study using a limited area model},
  author={Eerola, Kalle and Rontu, Laura and Kourzeneva, Ekaterina and Pour, Homa Kheyrollah and Duguay, Claude},
  journal={Tellus A: Dynamic Meteorology and Oceanography},
  volume={66},
  number={1},
  pages={23929},
  year={2014},
  publisher={Taylor \& Francis}
}
@inproceedings{filatov2016,
  title={Intrasecular variability in the level of the largest lakes of Russia},
  author={Filatov, NN and Viruchalkina, T Yu and Dianskiy, NA and Nazarova, LE and Sinukovich, VN},
  booktitle={Doklady Earth Sciences},
  volume={467},
  pages={393--397},
  year={2016},
  organization={Springer}
}
@article{beck2017,
  title={Global-scale evaluation of 22 precipitation datasets using gauge observations and hydrological modeling},
  author={Beck, Hylke E and Vergopolan, Noemi and Pan, Ming and Levizzani, Vincenzo and Van Dijk, Albert IJM and Weedon, Graham P and Brocca, Luca and Pappenberger, Florian and Huffman, George J and Wood, Eric F},
  journal={Hydrology and Earth System Sciences},
  volume={21},
  number={12},
  pages={6201},
  year={2017},
  publisher={Copernicus GmbH}
}
@article{gupta2009,
  title={Decomposition of the mean squared error and NSE performance criteria: Implications for improving hydrological modelling},
  author={Gupta, Hoshin V and Kling, Harald and Yilmaz, Koray K and Martinez, Guillermo F},
  journal={Journal of hydrology},
  volume={377},
  number={1-2},
  pages={80--91},
  year={2009},
  publisher={Elsevier}
}
@article{nash1970,
  title={River flow forecasting through conceptual models. Part I: A discussion of principles},
  author={Nash,J Eamonn and Sutcliffe, Jonh V},
  journal={Journal of Hydrology},
  volume={10},
  number={3},
  pages={282--290},
  year={1970},
  publisher={Elsevier}
}
@Article{albergel2018,
AUTHOR = {Albergel, C. and Dutra, E. and Munier, S. and Calvet, J.-C. and Munoz-Sabater, J. and de Rosnay, P. and Balsamo, G.},
TITLE = {ERA-5 and ERA-Interim driven ISBA land surface model simulations: which one
performs better?},
JOURNAL = {Hydrology and Earth System Sciences},
VOLUME = {22},
YEAR = {2018},
NUMBER = {6},
PAGES = {3515--3532},
URL = {https://www.hydrol-earth-syst-sci.net/22/3515/2018/},
DOI = {10.5194/hess-22-3515-2018}
}
@article{getirana2020,
  title={Hydropower dam operation strongly controls Lake Victoria's freshwater storage variability},
  author={Getirana, Augusto and Jung, Hahn Chul and Van Den Hoek, Jamon and Ndehedehe, Christopher E},
  journal={Science of The Total Environment},
  pages={138343},
  year={2020},
  publisher={Elsevier}
}
@article{boone2017,
AUTHOR = {Boone, A. and Samuelsson, P. and Gollvik, S. and Napoly, A. and Jarlan, L. and Brun, E. and Decharme, B.},
TITLE = {The interactions between soil--biosphere--atmosphere land surface model with a multi-energy balance (ISBA-MEB) option in
  SURFEXv8
-- Part 1: Model description},
JOURNAL = {Geoscientific Model Development},
VOLUME = {10},
YEAR = {2017},
NUMBER = {2},
PAGES = {843--872},
URL = {https://www.geosci-model-dev.net/10/843/2017/},
DOI = {10.5194/gmd-10-843-2017}
}
@article{kling2012,
title = {Runoff conditions in the upper Danube basin under an ensemble of climate change scenario},
journal ={Journal of Hydrology},
volume = {424-425},
pages = {264 - 277},
year = {2012},
issn = {0022-1694},
doi = {https://doi.org/10.1016/j.jhydrol.2012.01.011},
url = {http://www.sciencedirect.com/science/article/pii/S0022169412000431},
author = {Harald Kling and Martin Fuchs and Maria Paulin},
}
@article{grill2019,
  title={Mapping the world’s free-flowing rivers},
  author={Grill, G{\"u}nther and Lehner, B and Thieme, Michele and Geenen, B and Tickner, D and Antonelli, F and Babu, S and Borrelli, Pasquale and Cheng, L and Crochetiere, H and others},
  journal={Nature},
  volume={569},
  number={7755},
  pages={215},
  year={2019},
  publisher={Nature Publishing Group}
}
@article{best2019,
  title={Anthropogenic stresses on the world’s big rivers},
  author={Best, Jim},
  journal={Nature Geoscience},
  volume={12},
  number={1},
  pages={7--21},
  year={2019},
  publisher={Nature Publishing Group}
}
@article{hakanson2005,
  title={The importance of lake morphometry for the structureand function of lakes},
  author={H{\aa}kanson, Lars},
  journal={International Review of Hydrobiology: A Journal Covering all Aspects of Limnology and Marine Biology},
  volume={90},
  number={4},
  pages={433--461},
  year={2005},
  publisher={Wiley Online Library}
}
@article{jagus2015,
  title={Water storage possibilities in Lake Baikal and in reservoirs impounded by the dams of the Angara River cascade},
  author={Jagu{\'s}, Andrzej and Rz{\k{e}}ta{\l}a, Martyna A and Rz{\k{e}}ta{\l}a, Mariusz},
  journal={Environmental earth sciences},
  volume={73},
  number={2},
  pages={621--628},
  year={2015},
  publisher={Springer}
}
@article{adam2007,
  title={Simulation of reservoir influences on annual and seasonal streamflow changes for the Lena, Yenisei, and Ob'rivers},
  author={Adam, Jennifer C and Haddeland, Ingjerd and Su, Fengge and Lettenmaier, Dennis P},
  journal={Journal of Geophysical Research: Atmospheres},
  volume={112},
  number={D24},
  year={2007},
  publisher={Wiley Online Library}
}
@article{vyruchalkina2004,
  title={Lake Baikal and the Angara River before and after the Construction of Reservoirs.},
  author={Vyruchalkina, T Yu},
  journal={Water Resources},
  volume={31},
  number={5},
  year={2004}
}
@article{sutcliffe2007,
  title={Lake Victoria: derivation of a corrected natural water level series/Lac Victoria: d{\'e}rivation d'une s{\'e}rie naturelle corrig{\'e}e des niveaux d'eau},
  author={Sutcliffe, JV and Petersen, G},
  journal={Hydrological Sciences Journal/Journal des Sciences Hydrologiques},
  volume={52},
  number={6},
  pages={1316--1321},
  year={2007},
  publisher={Taylor \& Francis}
}
@article{kull2006,
  title={Connections between recent water level drops in Lake Victoria, dam operations and drought},
  author={Kull, Daniel},
  journal={International Rivers Org},
  year={2006}
}
@article{kitaigorodsky1970,
  title={On the theory of the open ocean active layer},
  author={Kitaigorodsky, SA and Miropolsky, Yu Z},
  journal={Izv. Atmos. Ocean. Phys},
  volume={6},
  pages={97--102},
  year={1970}
}
@article{blais1995,
  title={The influence of lake morphometry on sediment focusing},
  author={Blais, Jules M and Kalff, Jacob},
  journal={Limnology and Oceanography},
  volume={40},
  number={3},
  pages={582--588},
  year={1995},
  publisher={Wiley Online Library}
}
@article{yao2018,
  title={Quantifying the impact of bathymetric changes on the hydrological regimes in a large floodplain lake: Poyang Lake},
  author={Yao, Jing and Zhang, Qi and Ye, Xuchun and Zhang, Dan and Bai, Peng},
  journal={Journal of Hydrology},
  volume={561},
  pages={711--723},
  year={2018},
  publisher={Elsevier}
}
@article{donnelly2016,
  title={Using flow signatures and catchment similarities to evaluate the E-HYPE multi-basin model across Europe},
  author={Donnelly, Chantal and Andersson, Jafet CM and Arheimer, Berit},
  journal={Hydrological Sciences Journal},
  volume={61},
  number={2},
  pages={255--273},
  year={2016},
  publisher={Taylor \& Francis}
}
@article{haddeland2014,
  title={Global water resources affected by human interventions and climate change},
  author={Haddeland, Ingjerd and Heinke, Jens and Biemans, Hester and Eisner, Stephanie and Fl{\"o}rke, Martina and Hanasaki, Naota and Konzmann, Markus and Ludwig, Fulco and Masaki, Yoshimitsu and Schewe, Jacob and others},
  journal={Proceedings of the National Academy of Sciences},
  volume={111},
  number={9},
  pages={3251--3256},
  year={2014},
  publisher={National Acad Sciences}
}
@article{gosling2017,
  title={A comparison of changes in river runoff from multiple global and catchment-scale hydrological models under global warming scenarios of 1 C, 2 C and 3 C},
  author={Gosling, Simon N and Zaherpour, Jamal and Mount, Nick J and Hattermann, Fred F and Dankers, Rutger and Arheimer, Berit and Breuer, Lutz and Ding, Jie and Haddeland, Ingjerd and Kumar, Rohini and others},
  journal={Climatic Change},
  volume={141},
  number={3},
  pages={577--595},
  year={2017},
  publisher={Springer}
}
@Article{gosling2011,
AUTHOR = {Gosling, S. N. and Taylor, R. G. and Arnell, N. W. and Todd, M. C.},
TITLE = {A comparative analysis of projected impacts of climate change on river runoff from global and catchment-scale hydrological models},
JOURNAL = {Hydrology and Earth System Sciences},
VOLUME = {15},
YEAR = {2011},
NUMBER = {1},
PAGES = {279--294},
URL = {https://www.hydrol-earth-syst-sci.net/15/279/2011/},
DOI = {10.5194/hess-15-279-2011}
}
@article{roudier2016,
  title={Projections of future floods and hydrological droughts in Europe under a+ 2 C global warming},
  author={Roudier, Philippe and Andersson, Jafet CM and Donnelly, Chantal and Feyen, Luc and Greuell, Wouter and Ludwig, Fulco},
  journal={Climatic Change},
  volume={135},
  number={2},
  pages={341--355},
  year={2016},
  publisher={Springer}
}
@article{downing2006,
  title={The global abundance and size distribution of lakes, ponds, and impoundments},
  author={Downing, John A and Prairie, YT and Cole, JJ and Duarte, CM and Tranvik, LJ and Striegl, Robert G and McDowell, WH and Kortelainen, Pirkko and Caraco, NF and Melack, JM and others},
  journal={Limnology and Oceanography},
  volume={51},
  number={5},
  pages={2388--2397},
  year={2006},
  publisher={Wiley Online Library}
}
@incollection{hartmann2013,
  title={Observations: atmosphere and surface},
  author={Hartmann, Dennis L and Tank, Albert MG Klein and Rusticucci, Matilde and Alexander, Lisa V and Br{\"o}nnimann, Stefan and Charabi, Yassine Abdul Rahman and Dentener, Frank J and Dlugokencky, Edward J and Easterling, David R and Kaplan, Alexey and others},
  booktitle={Climate change 2013 the physical science basis: Working group I contribution to the fifth assessment report of the intergovernmental panel on climate change},
  pages={159--254},
  year={2013},
  publisher={Cambridge University Press}
}
@article{noilhan1996,
  title={The ISBA land surface parameterisation scheme},
  author={Noilhan, J and Mahfouf, J-F},
  journal={Global and planetary Change},
  volume={13},
  number={1-4},
  pages={145--159},
  year={1996},
  publisher={Citeseer}
}
@article{vorosmarty1989,
  title={Continental scale models of water balance and fluvial transport: an application to South America},
  author={V{\"o}r{\"o}smarty, Charles J and Moore III, Berrien and Grace, Annette L and Gildea, M Patricia and Melillo, Jerry M and Peterson, Bruce J and Rastetter, Edward B and Steudler, Paul A},
  journal={Global biogeochemical cycles},
  volume={3},
  number={3},
  pages={241--265},
  year={1989},
  publisher={Wiley Online Library}
}
@Article{hunger2008,
AUTHOR = {Hunger, M. and D\"oll, P.},
TITLE = {Value of river discharge data for global-scale hydrological modeling},
JOURNAL = {Hydrology and Earth System Sciences},
VOLUME = {12},
YEAR = {2008},
NUMBER = {3},
PAGES = {841--861},
URL = {https://www.hydrol-earth-syst-sci.net/12/841/2008/},
DOI = {10.5194/hess-12-841-2008}
}
@article{cherkauer2003,
  title={Variable infiltration capacity cold land process model updates},
  author={Cherkauer, Keith A and Bowling, Laura C and Lettenmaier, Dennis P},
  journal={Global and Planetary Change},
  volume={38},
  number={1-2},
  pages={151--159},
  year={2003},
  publisher={Elsevier}
}
@article{doll2003,
  title={A global hydrological model for deriving water availability indicators: model tuning and validation},
  author={D{\"o}ll, Petra and Kaspar, Frank and Lehner, Bernhard},
  journal={Journal of Hydrology},
  volume={270},
  number={1-2},
  pages={105--134},
  year={2003},
  publisher={Elsevier}
}
@article{coe1998,
  title={A linked global model of terrestrial hydrologic processes: Simulation of modern rivers, lakes, and wetlands},
  author={Coe, Michael T},
  journal={Journal of Geophysical Research: Atmospheres},
  volume={103},
  number={D8},
  pages={8885--8899},
  year={1998},
  publisher={Wiley Online Library}
}
@article{seferian2019,
  title={Evaluation of CNRM Earth System Model, CNRM-ESM2-1: Role of Earth System Processes in Present-Day and Future Climate},
  author={S{\'e}f{\'e}rian, Roland and Nabat, Pierre and Michou, Martine and Saint-Martin, David and Voldoire, Aurore and Colin, Jeanne and Decharme, Bertrand and Delire, Christine and Berthet, Sarah and Chevallier, Matthieu and others},
  journal={Journal of Advances in Modeling Earth Systems},
  year={2019},
  publisher={Wiley Online Library}
}
@article{delire2020,
  title={The global land carbon cycle simulated with ISBA-CTRIP: improvements over the last decade},
  author={Delire, Christine and S{\'e}f{\'e}rian, Roland and Decharme, Bertrand and Alkama, Ramdane and Calvet, Jean-Christophe and Carrer, Dominique and Gibelin, Anne-Laure and Joetzjer, Emilie and Morel, Xavier and Rocher, Matthias and others},
  journal={Journal of Advances in Modeling Earth Systems},
  year={2020},
  pages={e2019MS001886},
  publisher={Wiley Online Library}
}
@Article{voldoire2017,
AUTHOR = {Voldoire, A. and Decharme, B. and Pianezze, J. and Lebeaupin Brossier, C. and Sevault, F. and Seyfried, L. and Garnier, V. and Bielli, S. and Valcke, S. and Alias, A. and Accensi, M. and Ardhuin, F. and Bouin, M.-N. and Ducrocq, V. and Faroux, S. and Giordani, H. and L\'eger, F. and Marsaleix, P. and Rainaud, R. and Redelsperger, J.-L. and Richard, E. and Riette, S.},
TITLE = {SURFEX v8.0 interface with OASIS3-MCT to couple atmosphere with hydrology,
ocean, waves and sea-ice models, from coastalto global scales},
JOURNAL = {Geoscientific Model Development},
VOLUME = {10},
YEAR = {2017},
NUMBER = {11},
PAGES = {4207--4227},
URL = {https://www.geosci-model-dev.net/10/4207/2017/},
DOI = {10.5194/gmd-10-4207-2017}
}
@article{arora1999,
  title={A variable velocity flow routing algorithm for GCMs},
  author={Arora, Vivek K and Boer, George J},
  journal={Journal of Geophysical Research: Atmospheres},
  volume={104},
  number={D24},
  pages={30965--30979},
  year={1999},
  publisher={Wiley Online Library}
}
@article{kourzeneva2012,
  title={Global gridded dataset of lake coverage and lake depth for use in numerical weather prediction and climate modelling},
  author={Kourzeneva, Ekaterina and Asensio, Hermann and Martin, Eric and Faroux, Stephanie},
  journal={Tellus A: Dynamic Meteorology and Oceanography},
  volume={64},
  number={1},
  pages={15640},
  year={2012},
  publisher={Taylor \& Francis}
}
@article{durand1993,
  title={A meteorological estimation of relevant parameters for snow models},
  author={Durand, Y and Brun, E and Merindol, L and Guyomarc'h, G and Lesaffre, B and Martin, E},
  journal={Annals of glaciology},
  volume={18},
  pages={65--71},
  year={1993},
  publisher={Cambridge University Press}
}
@article{sheffield2006,
  title={Development of a 50-year high-resolution global dataset of meteorological forcings for land surface modeling},
  author={Sheffield, Justin and Goteti, Gopi and Wood, Eric F},
  journal={Journal of climate},
  volume={19},
  number={13},
  pages={3088--3111},
  year={2006}
}
@article{balsamo2012,
  title={On the contribution of lakes in predicting near-surface temperature in a global weather forecasting model},
  author={Balsamo, Gianpaolo and Salgado, Rui and Dutra, Emanuel and Boussetta, S and Stockdale, T and Potes, Miguel},
  journal={Tellus A: Dynamic Meteorology and Oceanography},
  volume={64},
  number={1},
  pages={15829},
  year={2012},
  publisher={Taylor \& Francis}
}
@article{alkama2011,
  title={Trends in global and basin-scale runoff over the late twentieth century: Methodological issues and sources of uncertainty},
  author={Alkama, R and Decharme, B and Douville, H and Ribes, A},
  journal={Journal of Climate},
  volume={24},
  number={12},
  pages={3000--3014},
  year={2011}
}
@article{hanasaki2006,
  title={A reservoir operation scheme for global river routing models},
  author={Hanasaki, Naota and Kanae, Shinjiro and Oki, Taikan},
  journal={Journal of Hydrology},
  volume={327},
  number={1-2},
  pages={22--41},
  year={2006},
  publisher={Elsevier}
}
@article{kumar2009,
  title={Role of subsurface physics in the assimilation of surface soil moisture observations},
  author={Kumar, Sujay V and Reichle, Rolf H and Koster, Randal D and Crow, Wade T and Peters-Lidard, Christa D},
  journal={Journal of hydrometeorology},
  volume={10},
  number={6},
  pages={1534--1547},
  year={2009}
}
@article{karlsson2015,
  title={Hydro-climatic and lake change patterns in Arctic permafrost and non-permafrost areas},
  author={Karlsson, Johanna M{\aa}rd and Jaramillo, Fernando and Destouni, Georgia},
  journal={Journal of Hydrology},
  volume={529},
  pages={134--145},
  year={2015},
  publisher={Elsevier}
}
@techreport{masson2013,
  title={The SURFEXv7. 2 land and ocean surface platform for coupled or offline simulation of earth surface variables and fluxes},
  institution={Centre National de Recherches Météorologiques},
  author={Masson, V and Le Moigne, P and Martin, E and Faroux, S and Alias, A and Alkama, R and Belamari, S and Barbu, A and Boone, A and Bouyssel, F and others},
  year={2013}
}
@article{soubeyroux2008,
  title={Safran-Isba-Modcou (SIM): Un outil pour le suivi hydrom{\'e}t{\'e}orologique op{\'e}rationnel et les {\'e}tudes},
  author={Soubeyroux, Jean-Michel and Martin, Eric and Franchisteguy, Laurent and Habets, Florence and Noilhan, Jo{\"e}l and Baillon, Martine and Regimbeau, Fabienne and Vidal, Jean-Philippe and Lemoigne, Patrick and Morel, Sophie},
  journal={La M{\'e}t{\'e}orologie},
  year={2008},
  publisher={Soci{\'e}t{\'e} m{\'e}t{\'e}orologique de France, Paris (FRA)}
}
@Article{lemoigne2020,
AUTHOR = {Le Moigne, P. and Besson, F. and Martin, E. and Bo\'e, J. and Decharme, B. and Etchevers, P. and Faroux, S. and Habets, F. and Lafaysse, M. and Leroux, D. and Rousset-Regimbeau, F.},
TITLE = {The Latest Improvements in SURFEX v8.0 of the Safran-Isba-Modcou
Hydrometeorological Model over France},
JOURNAL = {Geoscientific Model Development Discussions},
VOLUME = {2020},
YEAR = {2020},
PAGES = {1--32},
URL = {https://gmd.copernicus.org/preprints/gmd-2020-31/},
DOI = {10.5194/gmd-2020-31}
}
@article{quintana2008,
  title={Analysis of near-surface atmospheric variables: Validation of the SAFRAN analysis over France},
  author={Quintana-Segui, Pere and Le Moigne, Paul and Durand, Yves and Martin, Eric and Habets, Florence and Baillon, Martine and Canellas, Claire and Franchisteguy, Laurent and Morel, Sophie},
  journal={Journal of applied meteorology and climatology},
  volume={47},
  number={1},
  pages={92--107},
  year={2008}
}
@incollection{ledoux1989,
  title={Spatially distributed modeling: conceptual approach, coupling surface water and groundwater},
  author={Ledoux, E and Girard, G and De Marsily, G and Villeneuve, JP and Deschenes, J},
  booktitle={Unsaturated Flow in Hydrologic Modeling},
  pages={435--454},
  year={1989},
  publisher={Springer}
}
@article{woolway2019,
  title={Worldwide alteration of lake mixing regimes in response to climate change},
  author={Woolway, R Iestyn and Merchant, Christopher J},
  journal={Nature Geoscience},
  volume={12},
  number={4},
  pages={271--276},
  year={2019},
  publisher={Nature Publishing Group}
}
@article{jenny2020,
  title={Scientists’ Warning to Humanity: Rapid degradation of the world’s large lakes},
  author={Jenny, Jean-Philippe and Anneville, Orlane and Arnaud, Fabien and Baulaz, Yoann and Bouffard, Damien and Domaizon, Isabelle and Bocaniov, Serghei A and Ch{\`e}vre, Nathalie and Dittrich, Maria and Dorioz, Jean-Marcel and others},
  journal={Journal of Great Lakes Research},
  year={2020},
  publisher={Elsevier}
}
@article{jones2010,
  title={Incorporating lakes within the river discontinuum: longitudinal changes in ecological characteristics in stream--lake networks},
  author={Jones, Nicholas E},
  journal={Canadian Journal of Fisheries and Aquatic Sciences},
  volume={67},
  number={8},
  pages={1350--1362},
  year={2010},
  publisher={NRC Research Press}
}
@article{mishra2010,
  title={Parameterization of lakes and wetlands for energy and water balance studies in the great lakes region},
  author={Mishra, Vimal and Cherkauer, Keith A and Bowling, Laura C},
  journal={Journal of Hydrometeorology},
  volume={11},
  number={5},
  pages={1057--1082},
  year={2010}
}
@article{gao2012,
  title={Global monitoring of large reservoir storage from satellite remote sensing},
  author={Gao, Huilin and Birkett, Charon and Lettenmaier, Dennis P},
  journal={Water Resources Research},
  volume={48},
  number={9},
  year={2012},
  publisher={Wiley Online Library}
}
@article{pokhrel2012,
  title={Incorporating anthropogenic water regulation modules into a land surface model},
  author={Pokhrel, Yadu and Hanasaki, Naota and Koirala, Sujan and Cho, Jaeil and Yeh, Pat J-F and Kim, Hyungjun and Kanae, Shinjiro and Oki, Taikan},
  journal={Journal of Hydrometeorology},
  volume={13},
  number={1},
  pages={255--269},
  year={2012}
}
@article{voisin2013,
  title={On an improved sub-regional water resources management representation for integration into earth system models.},
  author={Voisin, Nathalie and Li, Hongyi and Ward, D and Huang, Maoyi and Wigmosta, M and Leung, LR},
  journal={Hydrology \& Earth System Sciences},
  volume={17},
  number={9},
  year={2013}
}
@article{davison2016,
  title={What is missing from the prescription of hydrology for land surface schemes?},
  author={Davison, Bruce and Pietroniro, Alain and Fortin, Vincent and Leconte, Robert and Mamo, Moges and Yau, MK},
  journal={Journal of Hydrometeorology},
  volume={17},
  number={7},
  pages={2013--2039},
  year={2016}
}
@article{spence2006,
  title={Hydrological processes and streamflow in a lake dominated watercourse},
  author={Spence, Christopher},
  journal={Hydrological Processes},
  volume={20},
  number={17},
  pages={3665--3681},
  year={2006},
  publisher={Wiley Online Library}
}
@article{gronewold2020,
  title={Reconciling the water balance of large lake systems},
  author={Gronewold, Andrew D and Smith, Joeseph P and Read, Laura and Crooks, James L},
  journal={Advances in Water Resources},
  pages={103505},
  year={2020},
  publisher={Elsevier}
}
@article{yamazaki2019,
  title={MERIT Hydro: a high-resolution global hydrography map based on latest topography dataset},
  author={Yamazaki, Dai and Ikeshima, Daiki and Sosa, Jeison and Bates, Paul D and Allen, George H and Pavelsky, Tamlin M},
  journal={Water Resources Research},
  volume={55},
  number={6},
  pages={5053--5073},
  year={2019},
  publisher={Wiley Online Library}
}
@article{haddeland2006,
  title={Anthropogenic impacts on continental surface water fluxes},
  author={Haddeland, Ingjerd and Skaugen, Thomas and Lettenmaier, Dennis P},
  journal={Geophysical Research Letters},
  volume={33},
  number={8},
  year={2006},
  publisher={Wiley Online Library}
}
@article{bonan1995,
  title={Sensitivity of a GCM simulation to inclusion of inland water surfaces},
  author={Bonan, Gordon B},
  journal={Journal of Climate},
  volume={8},
  number={11},
  pages={2691--2704},
  year={1995}
}
@article{krinner2012,
  title={A reassessment of lake and wetland feedbacks on the North African Holocene climate},
  author={Krinner, G and L{\'e}zine, A-M and Braconnot, Pascale and Sepulchre, P and Ramstein, G and Grenier, C and Gouttevin, I},
  journal={Geophysical Research Letters},
  volume={39},
  number={7},
  year={2012},
  publisher={Wiley Online Library}
}
@article{dutra2010,
  title={An offline study of the impact of lakes on the performance of the ECMWF surface scheme},
  author={Dutra, Emanuel and Stepanenko, Victor M and Balsamo, Gianpaolo and Viterbo, Pedro and Miranda, Pedro and Mironov, Dmitrii and Sch{\"a}r, Christoph},
  year={2010},
  journal={Boreal environment research },
  volume={15},
  pages={100-112},
  publisher={Boreal Environment Research Publishing Board}
}
@article{krinner2003,
  title={Impact of lakes and wetlands on boreal climate},
  author={Krinner, Gerhard},
  journal={Journal of Geophysical Research: Atmospheres},
  volume={108},
  number={D16},
  year={2003},
  publisher={Wiley Online Library}
}
@Article{koseki2019,
AUTHOR = {Koseki, S. and Mooney, P. A.},
TITLE = {Influences of Lake Malawi on the spatial and diurnal variability of local precipitation},
JOURNAL = {Hydrology and Earth System Sciences},
VOLUME = {23},
YEAR = {2019},
NUMBER = {7},
PAGES = {2795--2812},
URL = {https://www.hydrol-earth-syst-sci.net/23/2795/2019/},
DOI = {10.5194/hess-23-2795-2019}
}
@book{pachauri2014,
  title={Climate change 2014: synthesis report. Contribution of Working Groups I, II and III to the fifth assessment report of the Intergovernmental Panel on Climate Change},
  author={IPCC},
  year={2014},
  publisher={Ipcc}
}
@article{oleson2010,
  title={Technical description of version 4.0 of the Community Land Model (CLM)},
  author={Oleson, Keith W and Lawrence, David M and Gordon, B and Flanner, Mark G and Kluzek, Erik and Peter, J and Levis, Samuel and Swenson, Sean C and Thornton, E and Feddema, Johannes and others},
  year={2010},
  publisher={Citeseer}
}
@article{pietroniro2007,
  TITLE = {{Development of the MESH modelling system for hydrological ensemble forecasting of the Laurentian Great Lakes at the regional scale}},
  AUTHOR = {Pietroniro, A. and Fortin, V. and Kouwen, N. and Neal, C. and Turcotte, R. and Davison, B. and Verseghy, D. and Soulis, E. D. and Caldwell, R. and Evora, N. and Pellerin, P.},
  URL = {https://hal.archives-ouvertes.fr/hal-00305073},
  JOURNAL = {{Hydrology and Earth System Sciences Discussions}},
  PUBLISHER = {{European Geosciences Union}},
  VOLUME = {11},
  NUMBER = {4},
  PAGES = {1279-1294},
  YEAR = {2007},
  MONTH = May,
  PDF = {https://hal.archives-ouvertes.fr/hal-00305073/file/hess-11-1279-2007.pdf},
  HAL_ID = {hal-00305073},
  HAL_VERSION = {v1},
}
@article{burek2013,
  title={LISFLOOD, distributed water balance and flood simulation model: Revised user manual},
  author={Burek, P and Van Der Knijff, J and De Roo, A},
  journal={European commission, joint research centre, Report EUR},
  volume={26162},
  year={2013}
}
@article{pekel2016,
  title={High-resolution mapping of global surface water and its long-term changes},
  author={Pekel, Jean-Fran{\c{c}}ois and Cottam, Andrew and Gorelick, Noel and Belward, Alan S},
  journal={Nature},
  volume={540},
  number={7633},
  pages={418--422},
  year={2016},
  publisher={Nature Publishing Group}
}
@article{daniel2019,
  title={Benefits of explicit urban parameterization in regional climate modeling to study climate and city interactions},
  author={Daniel, M and Lemonsu, Aude and D{\'e}qu{\'e}, M and Somot, S and Alias, A and Masson, V},
  journal={Climate dynamics},
  volume={52},
  number={5-6},
  pages={2745--2764},
  year={2019},
  publisher={Springer}
}
@article{decharme2006,
  title={Introduction of a sub-grid hydrology in the ISBA land surface model},
  author={Decharme, B and Douville, H},
  journal={Climate dynamics},
  volume={26},
  number={1},
  pages={65--78},
  year={2006},
  publisher={Springer}
}
@article{decharme2008,
  title={A new river flooding scheme for global climate applications: Off-line evaluation over South America},
  author={Decharme, Bertrand and Douville, H and Prigent, C and Papa, F and Aires, F},
  journal={Journal of Geophysical Research: Atmospheres},
  volume={113},
  number={D11},
  year={2008},
  publisher={Wiley Online Library}
}
@article{alkama2010,
  title={Global evaluation of the ISBA-TRIP continental hydrological system. Part I: Comparison to GRACE terrestrial water storage estimates and in situ river discharges},
  author={Alkama, R and Decharme, B and Douville, H and Becker, M and Cazenave, A and Sheffield, J and Voldoire, A and Tyteca, S and Le Moigne, P},
  journal={Journal of Hydrometeorology},
  volume={11},
  number={3},
  pages={583--600},
  year={2010}
}
@article{lemoigne2013,
  title={Evaluation of the lake model FLake over a coastal lagoon during the THAUMEX field campaign},
  author={Le Moigne, Patrick Le and Legain, Dominique and Lagarde, Franck and Potes, Miguel and Tzanos, Diane and Moulin, ERIC and Barri{\'e}, Joel and Salgado, Rui and Messiaen, Gr{\'e}gory and Fiandrino, Annie and others},
  journal={Tellus A: Dynamic Meteorology and Oceanography},
  volume={65},
  number={1},
  pages={20951},
  year={2013},
  publisher={Taylor \& Francis}
}
@article{wu2011,
  title={Automated upscaling of river networks for macroscale hydrological modeling},
  author={Wu, Huan and Kimball, John S and Mantua, Nate and Stanford, Jack},
  journal={Water Resources Research},
  volume={47},
  number={3},
  year={2011},
  publisher={Wiley Online Library}
}
@article{wu2012,
  title={A new global river network database for macroscale hydrologic modeling},
  author={Wu, Huan and Kimball, John S and Li, Hongyi and Huang, Maoyi and Leung, L Ruby and Adler, Robert F},
  journal={Water resources research},
  volume={48},
  number={9},
  year={2012},
  publisher={Wiley Online Library}
}
@article{perroud2009,
  title={Simulation of multiannual thermal profiles in deep Lake Geneva: A comparison of one-dimensional lake models},
  author={Perroud, Marjorie and Goyette, St{\'e}phane and Martynov, Andrey and Beniston, Martin and Annevillec, Orlane},
  journal={Limnology and Oceanography},
  volume={54},
  number={5},
  pages={1574--1594},
  year={2009},
  publisher={Wiley Online Library}
}
@article{choulga2019,
  title={Upgraded global mapping information for earth system modelling: an application to surface water depth at the ECMWF.},
  author={Choulga, Margarita and Kourzeneva, Ekaterina and Balsamo, Gianpaolo and Boussetta, Souhail and Wedi, Nils},
  journal={Hydrology \& Earth System Sciences},
  volume={23},
  number={10},
  year={2019}
}
@article{toptunova2019,
  title={Status and progress in global lake database developments.},
  author={Toptunova, Olga and Choulga, Margarita and Kurzeneva, Ekaterina},
  journal={Advances in Science \& Research},
  volume={16},
  year={2019}
}
@article{mironov2010,
  title={Implementation of the lake parameterisation scheme FLake into the numerical weather prediction model COSMO},
  author={Mironov, Dmitrii and Heise, Erdmann and Kourzeneva, Ekaterina and Ritter, Bodo and Schneider, Natalia and Terzhevik, Arkady},
  journal={Boreal Environment Research},
  year={2010},
  publisher={Boreal Environment Research Publishing Board}
}
@Article{vionnet2012,
AUTHOR = {Vionnet, V. and Brun, E. and Morin, S. and Boone, A. and Faroux, S. and Le Moigne, P. and Martin, E. and Willemet, J.-M.},
TITLE = {The detailed snowpack scheme Crocus and its implementation in SURFEX v7.2},
JOURNAL = {Geoscientific Model Development},
VOLUME = {5},
YEAR = {2012},
NUMBER = {3},
PAGES = {773--791},
URL = {https://gmd.copernicus.org/articles/5/773/2012/},
DOI = {10.5194/gmd-5-773-2012}
}
@article{verseghy1991,
  title={CLASS-A Canadian land surface scheme for GCMs. I. Soil model},
  author={Verseghy, Diana L},
  journal={International Journal of Climatology},
  volume={11},
  number={2},
  pages={111--133},
  year={1991},
  publisher={Wiley Online Library}
}
@book{world2019,
  title={Progress on household drinking water, sanitation and hygiene 2000-2017: special focus on inequalities},
  author={World Health Organization and others},
  year={2019},
  publisher={World Health Organization}
}
@article{hattermann2018,
  title={Sources of uncertainty in hydrological climate impact assessment: a cross-scale study},
  author={Hattermann, FF and Vetter, Tobias and Breuer, Lutz and Su, Buda and Daggupati, Prasad and Donnelly, Chantal and Fekete, Balazs and Fl{\"o}rke, F and Gosling, Simon N and Hoffmann, Peter and others},
  journal={Environmental Research Letters},
  volume={13},
  number={1},
  pages={015006},
  year={2018},
  publisher={IOP Publishing}
}
@article{cuthbert2019,
  title={Global patterns and dynamics of climate--groundwater interactions},
  author={Cuthbert, MO and Gleeson, Tom and Moosdorf, Nils and Befus, Kelvin M and Schneider, A and Hartmann, Jens and Lehner, B},
  journal={Nature Climate Change},
  volume={9},
  number={2},
  pages={137--141},
  year={2019},
  publisher={Nature Publishing Group}
}
@article{ribes2019,
  title={Observed increase in extreme daily rainfall in the French Mediterranean},
  author={Ribes, Aur{\'e}lien and Thao, Soulivanh and Vautard, Robert and Dubuisson, Brigitte and Somot, Samuel and Colin, Jeanne and Planton, Serge and Soubeyroux, Jean-Michel},
  journal={Climate Dynamics},
  volume={52},
  number={1-2},
  pages={1095--1114},
  year={2019},
  publisher={Springer}
}
@article{hirabayashi2013,
  title={Global flood risk under climate change},
  author={Hirabayashi, Yukiko and Mahendran, Roobavannan and Koirala, Sujan and Konoshima, Lisako and Yamazaki, Dai and Watanabe, Satoshi and Kim, Hyungjun and Kanae, Shinjiro},
  journal={Nature Climate Change},
  volume={3},
  number={9},
  pages={816--821},
  year={2013},
  publisher={Nature Publishing Group}
}
@article{folton2019,
  title={A 50-year analysis of hydrological trends and processes in a Mediterranean catchment},
  author={Folton, Nathalie and Martin, Eric and Arnaud, Patrick and L'hermite, Pierre and Tolsa, Mathieu},
  journal={Hydrology and Earth System Sciences},
  volume={23},
  number={6},
  pages={2699--2714},
  year={2019}
}
@article{tramblay2013,
  title={Non-stationary frequency analysis of heavy rainfall events in southern France},
  author={Tramblay, Yves and Neppel, Luc and Carreau, Julie and Najib, Kenza},
  journal={Hydrological Sciences Journal},
  volume={58},
  number={2},
  pages={280--294},
  year={2013},
  publisher={Taylor \& Francis}
}
@article{shiklomanov2002,
  title={Widespread decline in hydrological monitoring threatens pan-Arctic research},
  author={Shiklomanov, Alexander I and Lammers, Richard B and V{\"o}r{\"o}smarty, Ch J},
  journal={Eos, Transactions American Geophysical Union},
  volume={83},
  number={2},
  pages={13--17},
  year={2002},
  publisher={Wiley Online Library}
}
@article{hannah2011,
  title={Large-scale river flow archives: importance, current status and future needs.},
  author={Hannah, David M and Demuth, Siegfried and van Lanen, Henny AJ and Looser, Ulrich and Prudhomme, Christel and Rees, Gwyn and Stahl, Kerstin and Tallaksen, Lena M and others},
  journal={Hydrological Processes},
  volume={25},
  number={7},
  pages={1191--1200},
  year={2011},
  publisher={Wiley-Blackwell}
}
@article{pavelsky2014,
  title={Assessing the potential global extent of SWOT river discharge observations},
  author={Pavelsky, Tamlin M and Durand, Michael T and Andreadis, Konstantinos M and Beighley, R Edward and Paiva, Rodrigo CD and Allen, George H and Miller, Zachary F},
  journal={Journal of Hydrology},
  volume={519},
  pages={1516--1525},
  year={2014},
  publisher={Elsevier}
}
@article{alsdorf2007,
  title={Measuring surface water from space},
  author={Alsdorf, Douglas E and Rodr{\'\i}guez, Ernesto and Lettenmaier, Dennis P},
  journal={Reviews of Geophysics},
  volume={45},
  number={2},
  year={2007},
  publisher={Wiley Online Library}
}
@article{alsdorf2003,
  title={The need for global, satellite-based observations of terrestrial surface waters},
  author={Alsdorf, Doug and Lettenmaier, Dennis and V{\"o}r{\"o}smarty, Charles},
  journal={Eos, Transactions American Geophysical Union},
  volume={84},
  number={29},
  pages={269--276},
  year={2003},
  publisher={Wiley Online Library}
}
@article{van2016,
  title={River gauging at global scale using optical and passive microwave remote sensing},
  author={Van Dijk, Albert IJM and Brakenridge, G Robert and Kettner, Albert J and Beck, Hylke E and De Groeve, Tom and Schellekens, Jaap},
  journal={Water Resources Research},
  volume={52},
  number={8},
  pages={6404--6418},
  year={2016},
  publisher={Wiley Online Library}
}
@article{calmant2008,
  title={Monitoring continental surface waters by satellite altimetry},
  author={Calmant, St{\'e}phane and Seyler, Fr{\'e}d{\'e}rique and Cretaux, Jean Fran{\c{c}}ois},
  journal={Surveys in geophysics},
  volume={29},
  number={4-5},
  pages={247--269},
  year={2008},
  publisher={Springer}
}
@article{abarca2012,
  title={Does Lake Titicaca still control the Lake Poop{\'o} system water levels? An investigation using satellite altimetry and MODIS data (2000--2009)},
  author={Abarca-Del-Rio, Rodrigo and Cr{\'e}taux, Jean-Francois and Berge-Nguyen, Muriel and Maisongrande, Philippe},
  journal={Remote sensing letters},
  volume={3},
  number={8},
  pages={707--714},
  year={2012},
  publisher={Taylor \& Francis}
}
@article{birkett1995,
  title={The contribution of TOPEX/POSEIDON to the global monitoring of climatically sensitive lakes},
  author={Birkett, CM},
  journal={Journal of Geophysical Research: Oceans},
  volume={100},
  number={C12},
  pages={25179--25204},
  year={1995},
  publisher={Wiley Online Library}
}
@article{birkett1998,
  title={Contribution of the TOPEX NASA radar altimeter to the global monitoring of large rivers and wetlands},
  author={Birkett, Charon M},
  journal={Water Resources Research},
  volume={34},
  number={5},
  pages={1223--1239},
  year={1998},
  publisher={Wiley Online Library}
}
@article{kouraev2004,
  title={Ob'river discharge from TOPEX/Poseidon satellite altimetry (1992--2002)},
  author={Kouraev, Alexei V and Zakharova, Elena A and Samain, Olivier and Mognard, Nelly M and Cazenave, Anny},
  journal={Remote sensing of environment},
  volume={93},
  number={1-2},
  pages={238--245},
  year={2004},
  publisher={Elsevier}
}
@article{berry2005,
  title={Global inland water monitoring from multi-mission altimetry},
  author={Berry, PAM and Garlick, JD and Freeman, JA and Mathers, EL},
  journal={Geophysical Research Letters},
  volume={32},
  number={16},
  year={2005},
  publisher={Wiley Online Library}
}
@article{tapley2004,
  title={GRACE measurements of mass variability in the Earth system},
  author={Tapley, Byron D and Bettadpur, Srinivas and Ries, John C and Thompson, Paul F and Watkins, Michael M},
  journal={Science},
  volume={305},
  number={5683},
  pages={503--505},
  year={2004},
  publisher={American Association for the Advancement of Science}
}
@article{niu2006,
  title={Assessing a land surface model's improvements with GRACE estimates},
  author={Niu, Guo-Yue and Yang, Zong-Liang},
  journal={Geophysical Research Letters},
  volume={33},
  number={7},
  year={2006},
  publisher={Wiley Online Library}
}
@article{biancamaria2019,
  title={Total water storage variability from GRACE mission and hydrological models for a 50,000 km2 temperate watershed: the Garonne River basin (France)},
  author={Biancamaria, Sylvain and Mballo, Moussa and Le Moigne, Patrick and P{\'e}rez, Jos{\'e} Miguel S{\'a}nchez and Espitalier-No{\"e}l, Gr{\'e}gory and Grusson, Youen and Cakir, Roxelane and H{\"a}fliger, Vincent and Barathieu, Florian and Trasmonte, Marhiu and others},
  journal={Journal of Hydrology: Regional Studies},
  volume={24},
  pages={100609},
  year={2019},
  publisher={Elsevier}
}
@techreport{fu2012,
  title={SWOT: The surface water and ocean topography mission: Wide-swath altimetric elevation on Earth},
  author={Fu, Lee-Lueng and Alsdorf, Douglas and Morrow, Rosemary and Rodriguez, Ernesto and Mognard, Nelly},
  year={2012},
  institution={Pasadena, CA: Jet Propulsion Laboratory, National Aeronautics and Space~…}
}
@article{gao2016,
  title={Satellite remote sensing of lakes and wetlands},
  author={Gao, Huilin and Zhang, Shuai and Durand, Michael and Lee, Hyongki},
  journal={Hydrologic Remote Sensing; CRC Press: Boca Raton, FL, USA},
  pages={57--72},
  year={2016}
}
@article{biancamaria2009,
  title={Preliminary characterization of SWOT hydrology error budget and global capabilities},
  author={Biancamaria, Sylvain and Andreadis, Kostas M and Durand, Michael and Clark, Elizabeth A and Rodriguez, Ernesto and Mognard, Nelly M and Alsdorf, Doug E and Lettenmaier, Dennis P and Oudin, Yannick},
  journal={IEEE Journal of Selected Topics in Applied Earth Observations and Remote Sensing},
  volume={3},
  number={1},
  pages={6--19},
  year={2009},
  publisher={IEEE}
}
@article{abbott2019,
  title={Human domination of the global water cycle absent from depictions and perceptions},
  author={Abbott, Benjamin W and Bishop, Kevin and Zarnetske, Jay P and Minaudo, Camille and Chapin, FS and Krause, Stefan and Hannah, David M and Conner, Lafe and Ellison, David and Godsey, Sarah E and others},
  journal={Nature Geoscience},
  volume={12},
  number={7},
  pages={533--540},
  year={2019},
  publisher={Nature Publishing Group}
}
@book{malardel2005,
  title={Fondamentaux de m{\'e}t{\'e}orologie: {\`a} l'{\'e}cole du temps},
  author={Malardel, Sylvie},
  volume={45},
  year={2005},
  publisher={Cepadues}
}
@article{fu1994,
  title={TOPEX/POSEIDON mission overview},
  author={Fu, Lee-Lueng and Christensen, Edward J and Yamarone, Charles A and Lefebvre, Michel and Menard, Yves and Dorrer, Michel and Escudier, Philippe},
  journal={Journal of Geophysical Research: Oceans},
  volume={99},
  number={C12},
  pages={24369--24381},
  year={1994},
  publisher={Wiley Online Library}
}
@incollection{winter1995,
  title={Hydrological processes and the water budget of lakes},
  author={Winter, Thomas C},
  booktitle={Physics and Chemistry of Lakes},
  pages={37--62},
  year={1995},
  publisher={Springer}
}
@article{yilmaz2005,
  title={Intercomparison of rain gauge, radar, and satellite-based precipitation estimates with emphasis on hydrologic forecasting},
  author={Yilmaz, Koray K and Hogue, Terri S and Hsu, Kuo-lin and Sorooshian, Soroosh and Gupta, Hoshin V and Wagener, Thorsten},
  journal={Journal of Hydrometeorology},
  volume={6},
  number={4},
  pages={497--517},
  year={2005}
}
@article{stisen2012,
  title={On the importance of appropriate precipitation gauge catch correction for hydrological modelling at mid to high latitudes.},
  author={Stisen, S and H{\o}jberg, AL and Troldborg, L and Refsgaard, JC and Christensen, BSB and Olsen, M and Henriksen, HJ},
  journal={Hydrology \& Earth System Sciences},
  volume={16},
  number={11},
  year={2012}
}
@article{maddox2002,
  title={Weather radar coverage over the contiguous United States},
  author={Maddox, Robert A and Zhang, Jian and Gourley, Jonathan J and Howard, Kenneth W},
  journal={Weather and forecasting},
  volume={17},
  number={4},
  pages={927--934},
  year={2002}
}
@article{yatheendradas2008,
  title={Understanding uncertainty in distributed flash flood forecasting for semiarid regions},
  author={Yatheendradas, Soni and Wagener, Thorsten and Gupta, Hoshin and Unkrich, Carl and Goodrich, David and Schaffner, Mike and Stewart, Anne},
  journal={Water Resources Research},
  volume={44},
  number={5},
  year={2008},
  publisher={Wiley Online Library}
}
@article{ly2013,
  title={Different methods for spatial interpolation of rainfall data for operational hydrology and hydrological modeling at watershed scale: a review},
  author={Ly, Sarann and Charles, Catherine and Degr{\'e}, Aurore},
  journal={Biotechnologie, Agronomie, Soci{\'e}t{\'e} et Environnement},
  volume={17},
  number={2},
  pages={392--406},
  year={2013},
  publisher={Presses Agronomiques de Gembloux}
}
@article{nicotina2008,
author = {Nicótina, L. and Alessi Celegon, E. and Rinaldo, A. and Marani, M.},
title = {On the impact of rainfall patterns on the hydrologic response},
journal = {Water Resources Research},
volume = {44},
number = {12},
pages = {},
keywords = {rainfall, hydrologic response, heterogeneity},
doi = {10.1029/2007WR006654},
url = {https://agupubs.onlinelibrary.wiley.com/doi/abs/10.1029/2007WR006654},
eprint = {https://agupubs.onlinelibrary.wiley.com/doi/pdf/10.1029/2007WR006654},
year = {2008}
}
@article{bell2000,
  TITLE = {{The sensitivity of catchment runoff models to rainfall data at different spatial scales}},
  AUTHOR = {Bell, V. A. and Moore, R. J.},
  URL = {https://hal.archives-ouvertes.fr/hal-00304695},
  JOURNAL = {{Hydrology and Earth System Sciences Discussions}},
  PUBLISHER = {{European Geosciences Union}},
  VOLUME = {4},
  NUMBER = {4},
  PAGES = {653-667},
  YEAR = {2000},
  PDF = {https://hal.archives-ouvertes.fr/hal-00304695/file/hess-4-653-2000.pdf},
  HAL_ID = {hal-00304695},
}
@article{kavetski2006,
author = {Kavetski, Dmitri and Kuczera, George and Franks, Stewart W.},
title = {Bayesian analysis of input uncertainty in hydrological modeling: 2. Application},
journal = {Water Resources Research},
volume = {42},
number = {3},
pages = {},
keywords = {parameter estimation, rainfall uncertainty, rainfall-runoff models},
doi = {10.1029/2005WR004376},
url = {https://agupubs.onlinelibrary.wiley.com/doi/abs/10.1029/2005WR004376},
eprint = {https://agupubs.onlinelibrary.wiley.com/doi/pdf/10.1029/2005WR004376},
year = {2006}
}
@article{segond2007,
title = "The significance of spatial rainfall representation for flood runoff estimation: A numerical evaluation based on the Lee catchment, UK",
journal = "Journal of Hydrology",
volume = "347",
number = "1",
pages = "116 - 131",
year = "2007",
issn = "0022-1694",
doi = "https://doi.org/10.1016/j.jhydrol.2007.09.040",
url = "http://www.sciencedirect.com/science/article/pii/S0022169407004933",
author = "Marie-Laure Segond and Howard S. Wheater and Christian Onof",
keywords = "Rainfall, Runoff, Semi-distributed modelling, Spatial variability, Scale",
}
@Article{jatho2010,
AUTHOR = {Jatho, N. and Pluntke, T. and Kurbjuhn, C. and Bernhofer, C.},
TITLE = {An approach to combine radar and gauge based rainfall data under consideration of their qualities in low mountain ranges of Saxony},
JOURNAL = {Natural Hazards and Earth System Sciences},
VOLUME = {10},
YEAR = {2010},
NUMBER = {3},
PAGES = {429--446},
URL = {https://www.nat-hazards-earth-syst-sci.net/10/429/2010/},
DOI = {10.5194/nhess-10-429-2010}
}
@Article{mercogliano2013,
AUTHOR = {Mercogliano, P. and Segoni, S. and Rossi, G. and Sikorsky, B. and Tofani, V. and Schiano, P. and Catani, F. and Casagli, N.},
TITLE = {Brief communication "A prototype forecasting chain for rainfall induced shallow landslides"},
JOURNAL = {Natural Hazards and Earth System Sciences},
VOLUME = {13},
YEAR = {2013},
NUMBER = {3},
PAGES = {771--777},
URL = {https://www.nat-hazards-earth-syst-sci.net/13/771/2013/},
DOI = {10.5194/nhess-13-771-2013}
}
@Article{monteith1965,
AUTHOR = {Monteith, J. L.},
TITLE = {Evaporation and environment},
JOURNAL = {Symposia of the society for experimental biology},
VOLUME = {19},
YEAR = {1965},
PAGES = {205-234},
publisher={Cambridge University Press (CUP)},
}
@Article{allen1998,
AUTHOR = {Allen, R. G. and Pereira, L. S. and Raes,D. and Smith, M.},
TITLE = {Crop evapotranspiration-Guidelines for computing crop water requirements-FAO},
JOURNAL = {Irrigation and drainage paper 56},
YEAR = {1998},
publisher={FAO},
}
@article{baldocchi2001,
author = {Baldocchi, Dennis and Falge, Eva and Gu, Lianhong and Olson, Richard and Hollinger, David and Running, Steve and Anthoni, Peter and Bernhofer, Ch. and Davis, Kenneth and Evans, Robert and Fuentes, Jose and Goldstein, Allen and Katul, Gabriel and Law, Beverly and Lee, Xuhui and Malhi, Yadvinder and Meyers, Tilden and Munger, William and Oechel, Walt and Paw U, K. T. and Pilegaard, Kim and Schmid, H. P. and Valentini, Riccardo and Verma, Shashi and Vesala, Timo and Wilson, Kell and Wofsy, Steve},
title = "{FLUXNET: A New Tool to Study the Temporal and Spatial Variability of Ecosystem-Scale Carbon Dioxide, Water Vapor, and Energy Flux Densities}",
journal = {Bulletin of the American Meteorological Society},
volume = {82},
number = {11},
pages = {2415-2434},
year = {2001},
month = {11},
issn = {0003-0007},
doi = {10.1175/1520-0477(2001)082<2415:FANTTS>2.3.CO;2},
url = {https://doi.org/10.1175/1520-0477(2001)082<2415:FANTTS>2.3.CO;2},
eprint = {https://journals.ametsoc.org/bams/article-pdf/82/11/2415/3733776/1520-0477(2001)082\_2415\_fantts\_2\_3\_co\_2.pdf},
}
@INPROCEEDINGS{salomonson2002,
  author={V. V. {Salomonson} and W. {Barnes} and J. {Xiong} and S. {Kempler} and E. {Masuoka}},
  booktitle={IEEE International Geoscience and Remote Sensing Symposium}, 
  title={An overview of the Earth Observing System MODIS instrument and associated data systems performance}, 
  year={2002},
  volume={2},
  number={},
  pages={1174-1176 vol.2},
}
@article{fox2012,
title = "A case study of land cover change (1950–2003) and runoff in a Mediterranean catchment",
journal = "Applied Geography",
volume = "32",
number = "2",
pages = "810 - 821",
year = "2012",
issn = "0143-6228",
doi = "https://doi.org/10.1016/j.apgeog.2011.07.007",
url = "http://www.sciencedirect.com/science/article/pii/S0143622811001421",
author = "Dennis M. Fox and Emmanuelle Witz and Violaine Blanc and Cécile Soulié and Marc Penalver-Navarro and Alain Dervieux",
}
@article{nirupama2007,
title = "Increase of flood risk due to urbanisation: A Canadian example",
journal = "Natural Hazards",
volume = "10",
number = "1",
pages = "25-41",
year = "2007",
doi = "https://doi.org/10.1007/s11069-006-0003-0",
author = "Nirupama, N. \& Simonovic, S. P.",
}
@article{beven1979,
author = { K. J.   Beven  and  M. J.   Kirby },
title = {A physically based, variable contributing area model of basin hydrology / Un modèle à base physique de zone d'appel variable de l'hydrologie du bassin versant},
journal = {Hydrological Sciences Bulletin},
volume = {24},
number = {1},
pages = {43-69},
year  = {1979},
publisher = {Taylor & Francis},
doi = {10.1080/02626667909491834},
URL ={https://doi.org/10.1080/02626667909491834}
}
@phdthesis{berthet2010,
  TITLE = {{Pr{\'e}vision des crues au pas de temps horaire : pour une meilleure assimilation de l'information de d{\'e}bit dans un mod{\`e}le hydrologique}},
  AUTHOR = {Berthet, Lionel},
  URL = {https://pastel.archives-ouvertes.fr/pastel-00529652},
  NUMBER = {2010AGPT0017},
  SCHOOL = {{AgroParisTech}},
  YEAR = {2010},
  KEYWORDS = {Hydrology ; Flood forecasting ; Data assimilation ; Streamflow ; Particle filter ; Kalman filter ; Artificial neural network ; Hydrologie ; Pr{\'e}vision des crues ; Assimilation de donn{\'e}es ; D{\'e}bit ; Filtre particulaire ; Filtre de Kalman ; R{\'e}seau de neurones artificiel},
  TYPE = {Theses},
  PDF = {https://pastel.archives-ouvertes.fr/pastel-00529652/file/ThA_se_Lionel_Berthet_2010.pdf},
  HAL_ID = {pastel-00529652},
  HAL_VERSION = {v1},
}
@phdthesis{tangara2005,
  TITLE = {{(trad auto)New flood forecasting method using a global rain-flow model}},
  AUTHOR = {Tangara, M.},
  URL = {https://hal.inrae.fr/tel-02587500},
  PAGES = {374},
  SCHOOL = {{Doctorat de l'Ecole pratique des hautes {\'e}tudes de Paris, sp{\'e}cialit{\'e} milieux, organismes et {\'e}volution}},
  YEAR = {2005},
  KEYWORDS = {thesis ; GR4J ; MODELE GRP ; th{\`e}se},
  TYPE = {Theses},
  HAL_ID = {tel-02587500},
  HAL_VERSION = {v1},
}
@article{halder2013,
title = "Mixing of Rhône River water in Lake Geneva (Switzerland–France) inferred from stable hydrogen and oxygen isotope profiles",
journal = "Journal of Hydrology",
volume = "477",
pages = "152 - 164",
year = "2013",
issn = "0022-1694",
doi = "https://doi.org/10.1016/j.jhydrol.2012.11.026",
url = "http://www.sciencedirect.com/science/article/pii/S0022169412010050",
author = "Janine Halder and Laurent Decrouy and Torsten W. Vennemann",
keywords = "Lake Geneva, River interflow, Stable isotopes, Oxygen, Hydrogen, Lake mixing",
}
@article{sauvage2018,
title = "Impact of the representation of the freshwater river input in the Western Mediterranean Sea",
journal = "Ocean Modelling",
volume = "131",
pages = "115 - 131",
year = "2018",
issn = "1463-5003",
doi = "https://doi.org/10.1016/j.ocemod.2018.09.005",
url = "http://www.sciencedirect.com/science/article/pii/S1463500318300957",
author = "César Sauvage and Cindy Lebeaupin Brossier and Véronique Ducrocq and Marie-Noëlle Bouin and Béatrice Vincendon and Marco Verdecchia and Isabelle Taupier-Letage and Françoise Orain",
}
@article{trenberth2009,
    author = {Trenberth, Kevin E. and Fasullo, John T. and Kiehl, Jeffrey},
    title = "{Earth's Global Energy Budget}",
    journal = {Bulletin of the American Meteorological Society},
    volume = {90},
    number = {3},
    pages = {311-324},
    year = {2009},
    month = {03},
    issn = {0003-0007},
    doi = {10.1175/2008BAMS2634.1},
    url = {https://doi.org/10.1175/2008BAMS2634.1},
    eprint = {https://journals.ametsoc.org/bams/article-pdf/90/3/311/3737077/2008bams2634\_1.pdf},
}
@article{lam2011,
  title={Spatial and temporal connections in groundwater contribution to evaporation},
  author={Lam, HA and Karssenberg, DJ and Van den Hurk, BJJM and Bierkens, MFP},
  journal={Hydrology and Earth System Sciences},
  volume={15},
  pages={2621--2630},
  year={2011},
  publisher={Copernicus Publications}
}
@article{yamazaki2011,
  title={A physically based description of floodplain inundation dynamics in a global river routing model},
  author={Yamazaki, Dai and Kanae, Shinjiro and Kim, Hyungjun and Oki, Taikan},
  journal={Water Resources Research},
  volume={47},
  number={4},
  year={2011},
  publisher={Wiley Online Library}
}
@article{gronewold2016,
  title={Hydrological drivers of record-setting water level rise on Earth's largest lake system},
  author={Gronewold, AD and Bruxer, J and Durnford, D and Smith, JP and Clites, AH and Seglenieks, F and Qian, SS and Hunter, TS and Fortin, V},
  journal={Water Resources Research},
  volume={52},
  number={5},
  pages={4026--4042},
  year={2016},
  publisher={Wiley Online Library}
}
@Article{muller2014,
AUTHOR = {M\"uller Schmied, H. and Eisner, S. and Franz, D. and Wattenbach, M. and Portmann, F. T. and Fl\"orke, M. and D\"oll, P.},
TITLE = {Sensitivity of simulated global-scale freshwater fluxes and storages to input data, hydrological model structure, human water use and calibration},
JOURNAL = {Hydrology and Earth System Sciences},
VOLUME = {18},
YEAR = {2014},
NUMBER = {9},
PAGES = {3511--3538},
URL = {https://www.hydrol-earth-syst-sci.net/18/3511/2014/},
DOI = {10.5194/hess-18-3511-2014}
}
@ARTICLE{downing2010,
    author = {John A. Downing},
    title = {Emerging global role of small lakes and ponds: little things means a lot},
    journal = {Limnetica},
    year = {2010},
    pages = {9--24}
}
@article{schindler2009,
  title={Lakes as sentinels and integrators for the effects of climate change on watersheds, airsheds, and landscapes},
  author={Schindler, DW},
  journal={Limnology and Oceanography},
  volume={54},
  number={6part2},
  pages={2349--2358},
  year={2009},
  publisher={Wiley Online Library}
}
@article{long2007,
  title={Northern lake impacts on local seasonal climate},
  author={Long, Z and Perrie, W and Gyakum, J and Caya, D and Laprise, Ren{\'e}},
  journal={Journal of Hydrometeorology},
  volume={8},
  number={4},
  pages={881--896},
  year={2007}
}
@article{miner1997,
  title={Lake-effect rain events},
  author={Miner, Todd J and Fritsch, J M},
  journal={Monthly weather review},
  volume={125},
  number={12},
  pages={3231--3248},
  year={1997}
}
@article{marsh1996,
  title={The hydrologic regime of perched lakes in the Mackenzie Delta: potential responses to climate change},
  author={Marsh, Philip and Lesack, Lance FW},
  journal={Limnology and Oceanography},
  volume={41},
  number={5},
  pages={849--856},
  year={1996},
  publisher={Wiley Online Library}
}
@article{sarch2000,
  title={Fishing and farming at Lake Chad: Responses to lake-level fluctuations},
  author={Sarch, Marie-Th{\'e}r{\`e}se and Birkett, Charon},
  journal={Geographical Journal},
  volume={166},
  number={2},
  pages={156--172},
  year={2000},
  publisher={Wiley Online Library}
}
@article{sarch2001,
  title={Fishing and farming at Lake Chad: Institutions for access to natural resources},
  author={Sarch, M-T},
  journal={Journal of Environmental management},
  volume={62},
  number={2},
  pages={185--199},
  year={2001},
  publisher={Elsevier}
}
@article{sterner2020,
  title={Ecosystem services of Earth’s largest freshwater lakes},
  author={Sterner, Robert W and Keeler, Bonnie and Polasky, Stephen and Poudel, Rajendra and Rhude, Kirsten and Rogers, Maggie},
  journal={Ecosystem Services},
  volume={41},
  pages={101046},
  year={2020},
  publisher={Elsevier}
}
@article{reynaud2017,
  title={A global meta-analysis of the value of ecosystem services provided by lakes},
  author={Reynaud, Arnaud and Lanzanova, Denis},
  journal={Ecological Economics},
  volume={137},
  pages={184--194},
  year={2017},
  publisher={Elsevier}
}
@incollection{vincent2009,
title = "Effects of Climate Change on Lakes",
editor = "Gene E. Likens",
booktitle = "Encyclopedia of Inland Waters",
publisher = "Academic Press",
address = "Oxford",
pages = "55 - 60",
year = "2009",
isbn = "978-0-12-370626-3",
doi = "https://doi.org/10.1016/B978-012370626-3.00233-7",
url = "http://www.sciencedirect.com/science/article/pii/B9780123706263002337",
author = "W.F. Vincent",
}
@article{adrian2009,
  title={Lakes as sentinels of climate change},
  author={Adrian, Rita and O'Reilly, Catherine M and Zagarese, Horacio and Baines, Stephen B and Hessen, Dag O and Keller, Wendel and Livingstone, David M and Sommaruga, Ruben and Straile, Dietmar and Van Donk, Ellen and others},
  journal={Limnology and oceanography},
  volume={54},
  number={6part2},
  pages={2283--2297},
  year={2009},
  publisher={Wiley Online Library}
}
@article{sharma2019,
  title={Widespread loss of lake ice around the Northern Hemisphere in a warming world},
  author={Sharma, Sapna and Blagrave, Kevin and Magnuson, John J and O’Reilly, Catherine M and Oliver, Samantha and Batt, Ryan D and Magee, Madeline R and Straile, Dietmar and Weyhenmeyer, Gesa A and Winslow, Luke and others},
  journal={Nature Climate Change},
  volume={9},
  number={3},
  pages={227--231},
  year={2019},
  publisher={Nature Publishing Group}
}
@article{kraemer2017,
  title={Global patterns in lake ecosystem responses to warming based on the temperature dependence of metabolism},
  author={Kraemer, Benjamin M and Chandra, Sudeep and Dell, Anthony I and Dix, Margaret and Kuusisto, Esko and Livingstone, David M and Schladow, S Geoffrey and Silow, Eugene and Sitoki, Lewis M and Tamatamah, Rashid and others},
  journal={Global change biology},
  volume={23},
  number={5},
  pages={1881--1890},
  year={2017},
  publisher={Wiley Online Library}
}
@article{yvon2012,
  title={Reconciling the temperature dependence of respiration across timescales and ecosystem types},
  author={Yvon-Durocher, Gabriel and Caffrey, Jane M and Cescatti, Alessandro and Dossena, Matteo and Del Giorgio, Paul and Gasol, Josep M and Montoya, Jos{\'e} M and Pumpanen, Jukka and Staehr, Peter A and Trimmer, Mark and others},
  journal={Nature},
  volume={487},
  number={7408},
  pages={472--476},
  year={2012},
  publisher={Nature Publishing Group}
}
@article{kolding2012,
  title={Relative lake level fluctuations and their influence on productivity and resilience in tropical lakes and reservoirs},
  author={Kolding, Jeppe and van Zwieten, Paul AM},
  journal={Fisheries Research},
  volume={115},
  pages={99--109},
  year={2012},
  publisher={Elsevier}
}
@article{gownaris2018,
  title={Water level fluctuations and the ecosystem functioning of lakes},
  author={Gownaris, Natasha J and Rountos, Konstantine J and Kaufman, Les and Kolding, Jeppe and Lwiza, Kamazima MM and Pikitch, Ellen K},
  journal={Journal of Great Lakes Research},
  volume={44},
  number={6},
  pages={1154--1163},
  year={2018},
  publisher={Elsevier}
}
@article{seekell2014,
  title={Regional-scale variation of dissolved organic carbon concentrations in Swedish lakes},
  author={Seekell, David A and Lapierre, Jean-Fran{\c{c}}ois and Pace, Michael L and Gudasz, Cristian and Sobek, Sebastian and Tranvik, Lars J},
  journal={Limnology and Oceanography},
  volume={59},
  number={5},
  pages={1612--1620},
  year={2014},
  publisher={Wiley Online Library}
}
@article{dinka2014,
  title={Hydrologic modelling for Lake Basaka: development and application of a conceptual water budget model},
  author={Dinka, Megersa O and Loiskandl, Willibald and Ndambuki, Julius M},
  journal={Environmental monitoring and assessment},
  volume={186},
  number={9},
  pages={5363--5379},
  year={2014},
  publisher={Springer}
}
@article{wang2018,
  title={Global lake evaporation accelerated by changes in surface energy allocation in a warmer climate},
  author={Wang, Wei and Lee, Xuhui and Xiao, Wei and Liu, Shoudong and Schultz, Natalie and Wang, Yongwei and Zhang, Mi and Zhao, Lei},
  journal={Nature Geoscience},
  volume={11},
  number={6},
  pages={410--414},
  year={2018},
  publisher={Nature Publishing Group}
}
@article{dudgeon2006,
  title={Freshwater biodiversity: importance, threats, status and conservation challenges},
  author={Dudgeon, David and Arthington, Angela H and Gessner, Mark O and Kawabata, Zen-Ichiro and Knowler, Duncan J and L{\'e}v{\^e}que, Christian and Naiman, Robert J and Prieur-Richard, Anne-H{\'e}l{\`e}ne and Soto, Doris and Stiassny, Melanie LJ and others},
  journal={Biological reviews},
  volume={81},
  number={2},
  pages={163--182},
  year={2006},
  publisher={Cambridge University Press}
}
@book{rast2000,
  title={Lakes and reservoirs: similarities, differences and importance},
  author={Rast, Walter and Straskraba, Milan},
  volume={1},
  year={2000},
  publisher={United Nations Environment Programme-International Environmental Technology~…}
}
@article{bouchez2015,
  title={Hydrological, chemical and isotopic budgets of Lake Chad: a quantitative assessment of evaporation, transpiration and infiltration fluxes.},
  author={Bouchez, C and Goncalves, J and Deschamps, P and Vallet-Coulomb, C and Hamelin, B and Doumnang, J-C and Sylvestre, F},
  journal={Hydrology \& Earth System Sciences Discussions},
  volume={12},
  number={10},
  year={2015},
  publisher={Citeseer}
}
@article{woolway2017a,
  title={Warming of Central European lakes and their response to the 1980s climate regime shift},
  author={Woolway, R Iestyn and Dokulil, Martin T and Marszelewski, Wlodzimierz and Schmid, Martin and Bouffard, Damien and Merchant, Christopher J},
  journal={Climatic Change},
  volume={142},
  number={3-4},
  pages={505--520},
  year={2017a},
  publisher={Springer}
}
@article{balsamo2017,
  title={Lakes in weather prediction: a moving target},
  author={Balsamo, G. and Belward, A.},
  journal={ECMWF Newsletter},
  volume={50},
  pages={6--7},
  year={2017},
}
@article{kraemer2015,
  title={Morphometry and average temperature affect lake stratification responses to climate change},
  author={Kraemer, Benjamin M and Anneville, Orlane and Chandra, Sudeep and Dix, Margaret and Kuusisto, Esko and Livingstone, David M and Rimmer, Alon and Schladow, S Geoffrey and Silow, Eugene and Sitoki, Lewis M and others},
  journal={Geophysical Research Letters},
  volume={42},
  number={12},
  pages={4981--4988},
  year={2015},
  publisher={Wiley Online Library}
}
@article{shimoda2011,
  title={Our current understanding of lake ecosystem response to climate change: what have we really learned from the north temperate deep lakes?},
  author={Shimoda, Yuko and Azim, M Ekram and Perhar, Gurbir and Ramin, Maryam and Kenney, Melissa A and Sadraddini, Somayeh and Gudimov, Alex and Arhonditsis, George B},
  journal={Journal of Great Lakes Research},
  volume={37},
  number={1},
  pages={173--193},
  year={2011},
  publisher={Elsevier}
}
@article{piccolroaz2015,
  title={The role of stratification on lakes' thermal response: The case of L ake S uperior},
  author={Piccolroaz, Sebastiano and Toffolon, Marco and Majone, Bruno},
  journal={Water Resources Research},
  volume={51},
  number={10},
  pages={7878--7894},
  year={2015},
  publisher={Wiley Online Library}
}
@article{elcci2008,
  title={Effects of thermal stratification and mixing on reservoir water quality},
  author={El{\c{c}}i, {\c{S}}ebnem},
  journal={Limnology},
  volume={9},
  number={2},
  pages={135--142},
  year={2008},
  publisher={Springer}
}
@article{bouffard2019,
author = {Bouffard, Damien and Wüest, Alfred},
title = {Convection in Lakes},
journal = {Annual Review of Fluid Mechanics},
volume = {51},
number = {1},
pages = {189-215},
year = {2019},
doi = {10.1146/annurev-fluid-010518-040506},
URL = {https://doi.org/10.1146/annurev-fluid-010518-040506},
eprint = {https://doi.org/10.1146/annurev-fluid-010518-040506}
}
@article{lewis1996,
  title={Tropical lakes: how latitude makes a difference},
  author={Lewis Jr, William M},
  journal={Perspectives in tropical limnology},
  volume={4364},
  year={1996},
  publisher={SPB Amsterdam}
}
@article{butcher2015,
  title={Sensitivity of lake thermal and mixing dynamics to climate change},
  author={Butcher, Jonathan B and Nover, Daniel and Johnson, Thomas E and Clark, Christopher M},
  journal={Climatic Change},
  volume={129},
  number={1-2},
  pages={295--305},
  year={2015},
  publisher={Springer}
}
@article{macintyre2010,
  title={Mixing dynamics in lakes across climatic zones},
  author={MacIntyre, S and Melack, JM},
  journal={Lake ecosystem ecology: a global perspective},
  pages={86--95},
  year={2010},
  publisher={Academic Press San Diego, Calif}
}
@article{snortheim2017,
  title={Meteorological drivers of hypolimnetic anoxia in a eutrophic, north temperate lake},
  author={Snortheim, Craig A and Hanson, Paul C and McMahon, Katherine D and Read, Jordan S and Carey, Cayelan C and Dugan, Hilary A},
  journal={Ecological Modelling},
  volume={343},
  pages={39--53},
  year={2017},
  publisher={Elsevier}
}
@article{wetzel1983,
  title={Limnology (2nd edn)},
  author={Wetzel, RG},
  journal={Saunders Collage Pub. New York},
  year={1983}
}
@article{pham2020,
  title={The Lake Chad hydrology under current climate change},
  author={Pham-Duc, Binh and Sylvestre, Florence and Papa, Fabrice and Frappart, Fr{\'e}d{\'e}ric and Bouchez, Camille and Cr{\'e}taux, Jean-Francois},
  journal={Scientific reports},
  volume={10},
  number={1},
  pages={1--10},
  year={2020},
  publisher={Nature Publishing Group}
}
@article{potes2017,
  title={Lake--atmosphere interactions at Alqueva reservoir: a case study in the summer of 2014},
  author={Potes, Miguel and Salgado, Rui and Costa, Maria Jo{\~a}o and Morais, M and Bortoli, Daniele and Kostadinov, Ivan and Mammarella, Ivan},
  journal={Tellus A: Dynamic Meteorology and Oceanography},
  volume={69},
  number={1},
  pages={1272787},
  year={2017},
  publisher={Taylor \& Francis}
}
@article{li2015,
  title={Long-term energy flux and radiation balance observations over Lake Ngoring, Tibetan Plateau},
  author={Li, Zhaoguo and Lyu, Shihua and Ao, Yinhuan and Wen, Lijuan and Zhao, Lin and Wang, Shaoying},
  journal={Atmospheric Research},
  volume={155},
  pages={13--25},
  year={2015},
  publisher={Elsevier}
}
@article{verburg2010,
  title={Persistent unstable atmospheric boundary layer enhances sensible and latent heat loss in a tropical great lake: Lake Tanganyika},
  author={Verburg, Piet and Antenucci, Jason P},
  journal={Journal of Geophysical Research: Atmospheres},
  volume={115},
  number={D11},
  year={2010},
  publisher={Wiley Online Library}
}
@article{woolway2017b,
  title={Latitude and lake size are important predictors of over-lake atmospheric stability},
  author={Woolway, R Iestyn and Verburg, Piet and Merchant, Christopher J and Lenters, John D and Hamilton, David P and Brookes, Justin and Kelly, Sean and Hook, Simon and Laas, Alo and Pierson, Don and others},
  journal={Geophysical Research Letters},
  volume={44},
  number={17},
  pages={8875--8883},
  year={2017b},
  publisher={Wiley Online Library}
}
@article{thiery2016,
  title={Hazardous thunderstorm intensification over Lake Victoria},
  author={Thiery, Wim and Davin, Edouard L and Seneviratne, Sonia I and Bedka, Kristopher and Lhermitte, Stef and Van Lipzig, Nicole PM},
  journal={Nature communications},
  volume={7},
  number={1},
  pages={1--7},
  year={2016},
  publisher={Nature Publishing Group}
}
@article{lei2014,
  title={Response of inland lake dynamics over the Tibetan Plateau to climate change},
  author={Lei, Yanbin and Yang, Kun and Wang, Bin and Sheng, Yongwei and Bird, Broxton W and Zhang, Guoqing and Tian, Lide},
  journal={Climatic Change},
  volume={125},
  number={2},
  pages={281--290},
  year={2014},
  publisher={Springer}
}
@article{mao2018,
  title={Impacts of climate change on Tibetan lakes: Patterns and processes},
  author={Mao, Dehua and Wang, Zongming and Yang, Hong and Li, Huiying and Thompson, Julian R and Li, Lin and Song, Kaishan and Chen, Bin and Gao, Hongkai and Wu, Jianguo},
  journal={Remote Sensing},
  volume={10},
  number={3},
  pages={358},
  year={2018},
  publisher={Multidisciplinary Digital Publishing Institute}
}
@article{de2006,
  title={Changes in surface water supply across Africa with predicted climate change},
  author={De Wit, Maarten and Stankiewicz, Jacek},
  journal={Science},
  volume={311},
  number={5769},
  pages={1917--1921},
  year={2006},
  publisher={American Association for the Advancement of Science}
}
@article{chen2013,
  title={The importance of natural variability in lake areas on the detection of permafrost degradation: A case study in the Yukon Flats, Alaska},
  author={Chen, Min and Rowland, Joel C and Wilson, Cathy J and Altmann, Garrett L and Brumby, Steven P},
  journal={Permafrost and Periglacial Processes},
  volume={24},
  number={3},
  pages={224--240},
  year={2013},
  publisher={Wiley Online Library}
}
@book{ji2017,
  title={Hydrodynamics and water quality: modeling rivers, lakes, and estuaries},
  author={Ji, Zhen-Gang},
  year={2017},
  publisher={John Wiley \& Sons}
}
@article{mccombs2014,
title = "Modeling surface waves and wind-driven circulation in eastern Lake Ontario during winter storms",
journal = "Journal of Great Lakes Research",
volume = "40",
pages = "130 - 142",
year = "2014",
note = "Current state and future perspectives of environmental modeling in the Great Lakes",
issn = "0380-1330",
doi = "https://doi.org/10.1016/j.jglr.2014.02.009",
url = "http://www.sciencedirect.com/science/article/pii/S0380133014000306",
author = "Matthew P. McCombs and Ryan P. Mulligan and Leon Boegman and Yerubandi R. Rao",
}
@article{grieco2019,
  title={A climatology of extreme wave height events impacting eastern Lake Ontario shorelines},
  author={Grieco, Matthew B and DeGaetano, Arthur T},
  journal={Theoretical and Applied Climatology},
  volume={136},
  number={1-2},
  pages={543--552},
  year={2019},
  publisher={Springer}
}
@article{hultquist2006,
    author = {Hultquist, Thomas R. and Dutter, Michael R. and Schwab, David J.},
    title = "{Reexamination of the 9–10 November 1975 “Edmund Fitzgerald” Storm Using Today's Technology}",
    journal = {Bulletin of the American Meteorological Society},
    volume = {87},
    number = {5},
    pages = {607-622},
    year = {2006},
    month = {05},
    issn = {0003-0007},
    doi = {10.1175/BAMS-87-5-607},
    url = {https://doi.org/10.1175/BAMS-87-5-607},
    eprint = {https://journals.ametsoc.org/bams/article-pdf/87/5/607/3735870/bams-87-5-607.pdf},
}
@article{amadori2018,
  title={Wind variability and Earth’s rotation as drivers of transport in a deep, elongated subalpine lake: the case of Lake Garda},
  author={Amadori, Marina and PICCOLROAZ, Sebastiano and Giovannini, Lorenzo and Zardi, Dino and Toffolon, Marco},
  journal={Journal of limnology},
  year={2018},
  publisher={PAGEPress Publications}
}
@article{beletsky1999,
  title={Mean circulation in the Great Lakes},
  author={Beletsky, Dmitry and Saylor, James H and Schwab, David J},
  journal={Journal of Great Lakes Research},
  volume={25},
  number={1},
  pages={78--93},
  year={1999},
  publisher={Elsevier}
}
@article{baracchini2020,
  title={Meteolakes: An operational online three-dimensional forecasting platform for lake hydrodynamics},
  author={Baracchini, Theo and W{\"u}est, Alfred and Bouffard, Damien},
  journal={Water Research},
  volume={172},
  pages={115529},
  year={2020},
  publisher={Elsevier}
}
@article{schladow2002,
  title={Oxygen transfer across the air-water interface by natural convection in lakes},
  author={Schladow, S Geoffrey and Lee, Minhee and H{\"u}rzeler, Bernhard E and Kelly, Peter B},
  journal={Limnology and Oceanography},
  volume={47},
  number={5},
  pages={1394--1404},
  year={2002},
  publisher={Wiley Online Library}
}
@article{pernica2017,
  title={In the cold light of day: the potential importance of under-ice convective mixed layers to primary producers},
  author={Pernica, P and North, RL and Baulch, HM},
  journal={Inland Waters},
  volume={7},
  number={2},
  pages={138--150},
  year={2017},
  publisher={Taylor \& Francis}
}
@article{rueda2002,
  title={Surface seiches in lakes of complex geometry},
  author={Rueda, Francisco J and Schladow, S Geoffrey},
  journal={Limnology and oceanography},
  volume={47},
  number={3},
  pages={906--910},
  year={2002},
  publisher={Wiley Online Library}
}
@article{laval2003,
  title={Modeling circulation in lakes: Spatial and temporal variations},
  author={Laval, Bernard and Imberger, J{\"o}rg and Hodges, Ben R and Stocker, Roman},
  journal={Limnology and Oceanography},
  volume={48},
  number={3},
  pages={983--994},
  year={2003},
  publisher={Wiley Online Library}
}
@article{ghazleh2009,
  title={Water input requirements of the rapidly shrinking Dead Sea},
  author={Ghazleh, Shahrazad Abu and Hartmann, Jens and Jansen, Nils and Kempe, Stephan},
  journal={Naturwissenschaften},
  volume={96},
  number={5},
  pages={637--643},
  year={2009},
  publisher={Springer}
}
@article {schewe2014,
	author = {Schewe, Jacob and Heinke, Jens and Gerten, Dieter and Haddeland, Ingjerd and Arnell, Nigel W. and Clark, Douglas B. and Dankers, Rutger and Eisner, Stephanie and Fekete, Bal{\'a}zs M. and Col{\'o}n-Gonz{\'a}lez, Felipe J. and Gosling, Simon N. and Kim, Hyungjun and Liu, Xingcai and Masaki, Yoshimitsu and Portmann, Felix T. and Satoh, Yusuke and Stacke, Tobias and Tang, Qiuhong and Wada, Yoshihide and Wisser, Dominik and Albrecht, Torsten and Frieler, Katja and Piontek, Franziska and Warszawski, Lila and Kabat, Pavel},
	title = {Multimodel assessment of water scarcity under climate change},
	volume = {111},
	number = {9},
	pages = {3245--3250},
	year = {2014},
	doi = {10.1073/pnas.1222460110},
	publisher = {National Academy of Sciences},
	issn = {0027-8424},
	URL = {https://www.pnas.org/content/111/9/3245},
	eprint = {https://www.pnas.org/content/111/9/3245.full.pdf},
	journal = {Proceedings of the National Academy of Sciences}
}
@article{kratz2000,
  title={The ecological organisation of lake districts: general introduction},
  author={Kratz, Timothy K and Frost, Thomas M},
  journal={Freshwater Biology},
  volume={43},
  number={3},
  pages={297--299},
  year={2000},
  publisher={Wiley Online Library}
}
@article{philip2007,
author = {Micklin, Philip},
title = {The Aral Sea Disaster},
journal = {Annual Review of Earth and Planetary Sciences},
volume = {35},
number = {1},
pages = {47-72},
year = {2007},
doi = {10.1146/annurev.earth.35.031306.140120},
URL = {https://doi.org/10.1146/annurev.earth.35.031306.140120},
eprint = { https://doi.org/10.1146/annurev.earth.35.031306.140120}
}
@article{cretaux2005,
  title={Evolution of sea level of the big Aral Sea from satellite altimetry and its implications for water balance},
  author={Cr{\'e}taux, Jean-Francois and Kouraev, Alexey V and Papa, Fabrice and Berg{\'e}-Nguyen, Muriel and Cazenave, Aanny and Aladin, Nickolai and Plotnikov, Igor S},
  journal={Journal of Great Lakes Research},
  volume={31},
  number={4},
  pages={520--534},
  year={2005},
  publisher={Elsevier}
}
@article{gao2011,
  title={On the causes of the shrinking of Lake Chad},
  author={Gao, H and Bohn, TJ and Podest, E and McDonald, KC and Lettenmaier, DP},
  journal={Environmental Research Letters},
  volume={6},
  number={3},
  pages={034021},
  year={2011},
  publisher={IOP Publishing}
}
@article{tao2015,
  title={Rapid loss of lakes on the Mongolian Plateau},
  author={Tao, Shengli and Fang, Jingyun and Zhao, Xia and Zhao, Shuqing and Shen, Haihua and Hu, Huifeng and Tang, Zhiyao and Wang, Zhiheng and Guo, Qinghua},
  journal={Proceedings of the National Academy of Sciences},
  volume={112},
  number={7},
  pages={2281--2286},
  year={2015},
  publisher={National Acad Sciences}
}
@article{wang2018storage,
  title={Recent global decline in endorheic basin water storages},
  author={Wang, Jida and Song, Chunqiao and Reager, John T and Yao, Fangfang and Famiglietti, James S and Sheng, Yongwei and MacDonald, Glen M and Brun, Fanny and Schmied, Hannes M{\"u}ller and Marston, Richard A and others},
  journal={Nature geoscience},
  volume={11},
  number={12},
  pages={926--932},
  year={2018},
  publisher={Nature Publishing Group}
}
@article{cole2007,
  title={Plumbing the global carbon cycle: integrating inland waters into the terrestrial carbon budget},
  author={Cole, Jonathan J and Prairie, Yves T and Caraco, Nina F and McDowell, William H and Tranvik, Lars J and Striegl, Robert G and Duarte, Carlos M and Kortelainen, Pirkko and Downing, John A and Middelburg, Jack J and others},
  journal={Ecosystems},
  volume={10},
  number={1},
  pages={172--185},
  year={2007},
  publisher={Springer}
}
@article{gibson2006,
  title={Hydroclimatic controls on water balance and water level variability in Great Slave Lake},
  author={Gibson, JJ and Prowse, TD and Peters, DL},
  journal={Hydrological Processes: An International Journal},
  volume={20},
  number={19},
  pages={4155--4172},
  year={2006},
  publisher={Wiley Online Library}
}
@article{swenson2009,
  title={Monitoring the water balance of Lake Victoria, East Africa, from space},
  author={Swenson, Sean and Wahr, John},
  journal={Journal of Hydrology},
  volume={370},
  number={1-4},
  pages={163--176},
  year={2009},
  publisher={Elsevier}
}
@article{fekete2004,
  title={Uncertainties in precipitation and their impacts on runoff estimates},
  author={Fekete, Bal{\'a}zs M and V{\"o}r{\"o}smarty, Charles J and Roads, John O and Willmott, Cort J},
  journal={Journal of Climate},
  volume={17},
  number={2},
  pages={294--304},
  year={2004}
}
@article{doll2009,
  title={Global-scale analysis of river flow alterations due to water withdrawals and reservoirs},
  author={D{\"o}ll, Petra and Fiedler, Kristina and Zhang, Jing},
  journal={Hydrology and Earth System Sciences},
  volume={13},
  number={12},
  pages={2413},
  year={2009},
  publisher={Copernicus GmbH}
}
@article{zhou2016,
  title={The contribution of reservoirs to global land surface water storage variations},
  author={Zhou, Tian and Nijssen, Bart and Gao, Huilin and Lettenmaier, Dennis P},
  journal={Journal of Hydrometeorology},
  volume={17},
  number={1},
  pages={309--325},
  year={2016}
}
@article{de2000,
  title={Physically based river basin modelling within a GIS: the LISFLOOD model},
  author={De Roo, APJ and Wesseling, CG and Van Deursen, WPA},
  journal={Hydrological Processes},
  volume={14},
  number={11-12},
  pages={1981--1992},
  year={2000},
  publisher={Wiley Online Library}
}
@article{leuning1995,
  title={A critical appraisal of a combined stomatal-photosynthesis model for C3 plants},
  author={Leuning, Ray},
  journal={Plant, Cell \& Environment},
  volume={18},
  number={4},
  pages={339--355},
  year={1995},
  publisher={Wiley Online Library}
}
@article{perrin2003,
  title={Improvement of a parsimonious model for streamflow simulation},
  author={Perrin, Charles and Michel, Claude and Andr{\'e}assian, Vazken},
  journal={Journal of hydrology},
  volume={279},
  number={1-4},
  pages={275--289},
  year={2003},
  publisher={Elsevier}
}
@article{goyette2000,
  title={Application of the Canadian Regional Climate Model to the Laurentian Great Lakes region: Implementation of a lake model},
  author={Goyette, St{\'e}phane and McFarlane, NA and Flato, Gregory M},
  journal={Atmosphere-Ocean},
  volume={38},
  number={3},
  pages={481--503},
  year={2000},
  publisher={Taylor \& Francis}
}
@article{hostetler1993,
  title={Interactive coupling of a lake thermal model with a regional climate model},
  author={Hostetler, S W and Bates, G T and Giorgi, Filippo},
  journal={Journal of Geophysical Research: Atmospheres},
  volume={98},
  number={D3},
  pages={5045--5057},
  year={1993},
  publisher={Wiley Online Library}
}
@inproceedings{swayne2003,
  title={Preliminary Assessment of the Interaction between the Canadian regional climate model and lake thermal-hydrodynamic models},
  author={Swayne, DA and Lam, DCL and Mackay, M and Rouse, W and Schertzer, WM},
  booktitle={Proc. 5th International Symposium on Environmental Software Systems (ISESS'03), May 27-30, 2003, Semmering, Austria},
  pages={161--177},
  year={2003}
}
@article{leon2007,
  title={Towards coupling a 3D hydrodynamic lake model with the Canadian regional climate model: simulation on Great Slave Lake},
  author={Le{\'o}n, Luis F and Lam, David C-L and Schertzer, WM and Swayne, David A and Imberger, J{\"o}rg},
  journal={Environmental Modelling \& Software},
  volume={22},
  number={6},
  pages={787--796},
  year={2007},
  publisher={Elsevier}
}
@article{subin2012,
  title={An improved lake model for climate simulations: Model structure, evaluation, and sensitivity analyses in CESM1},
  author={Subin, Zachary M and Riley, William J and Mironov, Dmitrii},
  journal={Journal of Advances in Modeling Earth Systems},
  volume={4},
  number={1},
  year={2012},
  publisher={Wiley Online Library}
}
@article{stepanenko2013,
  title={A one-dimensional model intercomparison study of thermal regime of a shallow, turbid midlatitude lake.},
  author={Stepanenko, VM and Martynov, A and J{\"o}hnk, KD and Subin, ZM and Perroud, M and Fang, X and Beyrich, F and Mironov, D and Goyette, S},
  journal={Geoscientific Model Development},
  volume={6},
  number={4},
  year={2013}
}
@article{mackay2009,
  title={Modeling lakes and reservoirs in the climate system},
  author={MacKay, Murray D and Neale, Patrick J and Arp, Christopher D and De Senerpont Domis, Lisette N and Fang, Xing and Gal, Gideon and J{\"o}hnk, Klaus D and Kirillin, Georgiy and Lenters, John D and Litchman, Elena and others},
  journal={Limnology and Oceanography},
  volume={54},
  number={6part2},
  pages={2315--2329},
  year={2009},
  publisher={Wiley Online Library}
}
@article{liang1996,
  title={One-dimensional statistical dynamic representation of subgrid spatial variability of precipitation in the two-layer variable infiltration capacity model},
  author={Liang, Xu and Lettenmaier, Dennis P and Wood, Eric F},
  journal={Journal of Geophysical Research: Atmospheres},
  volume={101},
  number={D16},
  pages={21403--21422},
  year={1996},
  publisher={Wiley Online Library}
}
@article{nijssen2001,
    author = {Nijssen, Bart and O'Donnell, Greg M. and Lettenmaier, Dennis P. and Lohmann, Dag and Wood, Eric F.},
    title = "{Predicting the Discharge of Global Rivers}",
    journal = {Journal of Climate},
    volume = {14},
    number = {15},
    pages = {3307-3323},
    year = {2001},
    month = {08},
    issn = {0894-8755},
    doi = {10.1175/1520-0442(2001)014<3307:PTDOGR>2.0.CO;2},
    url = {https://doi.org/10.1175/1520-0442(2001)014<3307:PTDOGR>2.0.CO;2},
    eprint = {https://journals.ametsoc.org/jcli/article-pdf/14/15/3307/3769146/1520-0442(2001)014\_3307\_ptdogr\_2\_0\_co\_2.pdf},
}
@article{maurer2002,
    author = {Maurer, E. P. and Wood, A. W. and Adam, J. C. and Lettenmaier, D. P. and Nijssen, B.},
    title = {A Long-Term Hydrologically Based Dataset of Land Surface Fluxes and States for the Conterminous United States},
    journal = {Journal of Climate},
    volume = {15},
    number = {22},
    pages = {3237-3251},
    year = {2002},
    month = {11},
    issn = {0894-8755},
    doi = {10.1175/1520-0442(2002)015<3237:ALTHBD>2.0.CO;2},
    url = {https://doi.org/10.1175/1520-0442(2002)015<3237:ALTHBD>2.0.CO;2},
}
@article{balsamo2009,
    author = {Balsamo, Gianpaolo and Beljaars, Anton and Scipal, Klaus and Viterbo, Pedro and van den Hurk, Bart and Hirschi, Martin and Betts, Alan K.},
    title = "{A Revised Hydrology for the ECMWF Model: Verification from Field Site to Terrestrial Water Storage and Impact in the Integrated Forecast System}",
    journal = {Journal of Hydrometeorology},
    volume = {10},
    number = {3},
    pages = {623-643},
    year = {2009},
    month = {06},
    issn = {1525-755X},
    doi = {10.1175/2008JHM1068.1},
    url = {https://doi.org/10.1175/2008JHM1068.1},
    eprint = {https://journals.ametsoc.org/jhm/article-pdf/10/3/623/4105388/2008jhm1068\_1.pdf},
}
@Article{alfieri2013,
AUTHOR = {Alfieri, L. and Burek, P. and Dutra, E. and Krzeminski, B. and Muraro, D. and Thielen, J. and Pappenberger, F.},
TITLE = {GloFAS; global ensemble streamflow forecasting and flood early warning},
JOURNAL = {Hydrology and Earth System Sciences},
VOLUME = {17},
YEAR = {2013},
NUMBER = {3},
PAGES = {1161--1175},
URL = {https://www.hydrol-earth-syst-sci.net/17/1161/2013/},
DOI = {10.5194/hess-17-1161-2013}
}
@Article{schoetter2017,
AUTHOR = {Schoetter, R. and Masson, V. and Bourgeois, A. and Pellegrino, M. and L\'evy, J.-P.},
TITLE = {Parametrisation of the variety of human behaviour related to building
energy consumption in the Town Energy Balance (SURFEX-TEB v. 8.2)},
JOURNAL = {Geoscientific Model Development},
VOLUME = {10},
YEAR = {2017},
NUMBER = {7},
PAGES = {2801--2831},
URL = {https://gmd.copernicus.org/articles/10/2801/2017/},
DOI = {10.5194/gmd-10-2801-2017}
}
@Article{masson2000,
AUTHOR = {Masson, V.},
TITLE = {A Physically-Based Scheme For The Urban Energy Budget In Atmospheric Models},
JOURNAL = {Boundary-Layer Meteorology},
VOLUME = {94},
YEAR = {2000},
PAGES = {357--397},
DOI = {https://doi.org/10.1023/A:1002463829265}
}
@article{lemonsu2004,
    author = {Lemonsu, A. and Grimmond, C. S. B. and Masson, V.},
    title = "{Modeling the Surface Energy Balance of the Core of an Old Mediterranean City: Marseille}",
    journal = {Journal of Applied Meteorology},
    volume = {43},
    number = {2},
    pages = {312-327},
    year = {2004},
    month = {02},
    issn = {0894-8763},
    doi = {10.1175/1520-0450(2004)043<0312:MTSEBO>2.0.CO;2},
    url = {https://doi.org/10.1175/1520-0450(2004)043<0312:MTSEBO>2.0.CO;2},
}
@Article{lebeaupin2009,
AUTHOR = {Lebeaupin Brossier, C. Ducrocq, V. and Giordani, H.},
TITLE = {Effects of the air–sea coupling time frequency on the ocean response during Mediterranean intense events},
JOURNAL = {Ocean Dynamics},
VOLUME = {59},
YEAR = {2009},
PAGES = {539--549},
DOI = {https://doi.org/10.1007/s10236-009-0198-1}
}
@article{habets1999,
title = "The ISBA surface scheme in a macroscale hydrological model applied to the Hapex-Mobilhy area: Part I: Model and database",
journal = "Journal of Hydrology",
volume = "217",
number = "1",
pages = "75 - 96",
year = "1999",
issn = "0022-1694",
doi = "https://doi.org/10.1016/S0022-1694(99)00019-0",
author = "F Habets and J Noilhan and C Golaz and J.P Goutorbe and P Lacarrère and E Leblois and E Ledoux and E Martin and C Ottlé and D Vidal-Madjar",
}
@article{yamazaki2017,
author = {Yamazaki, Dai and Ikeshima, Daiki and Tawatari, Ryunosuke and Yamaguchi, Tomohiro and O'Loughlin, Fiachra and Neal, Jeffery C. and Sampson, Christopher C. and Kanae, Shinjiro and Bates, Paul D.},
title = {A high-accuracy map of global terrain elevations},
journal = {Geophysical Research Letters},
volume = {44},
number = {11},
pages = {5844-5853},
keywords = {digital elevation model, SRTM, AW3D, ICESat, global data set},
doi = {10.1002/2017GL072874},
url = {https://agupubs.onlinelibrary.wiley.com/doi/abs/10.1002/2017GL072874},
year = {2017}
}
@article{olivier2009,
  title={The Rh{\^o}ne river basin},
  author={Olivier, Jean-Michel and Carrel, Georges and Lamouroux, Nicolas and Dole-Olivier, Marie-Jos{\'e} and Malard, Florian and Bravard, Jean-Paul and Amoros, Claude},
  journal={Rivers of Europe},
  volume={2},
  pages={47--295},
  year={2009},
  publisher={Academic Press London}
}
@article{lethi2012,
  title={Structure thermique et courantologie du L{\'e}man (Thermal structure and circulation patterns of Lake Geneva)},
  author={Le Thi, Anh Dao and De Pascalis, Francesca and Umgiesser, Georg and Wildi, Walter},
  journal={Archives des Sciences},
  volume={65},
  pages={65--80},
  year={2012}
}
@article{soulignac2019,
  title={Contribution of 3D coupled hydrodynamic-ecological modeling to assess the representativeness of a sampling protocol for lake water quality assessment},
  author={Soulignac, Fr{\'e}d{\'e}ric and Anneville, Orlane and Bouffard, Damien and Chanudet, Vincent and Dambrine, Etienne and Gu{\'e}nand, Yann and Harmel, Tristan and Ibelings, Bastiaan W and Trevisan, Dominique and Uittenbogaard, Rob and others},
  journal={Knowledge \& Management of Aquatic Ecosystems},
  volume={420},
  number={42},
  year={2019},
  publisher={EDP Sciences}
}
@techreport{cipel2019,
  title={Rapports sur les études et recherches entreprises dans le bassin lémanique. Programme Quinquennal 2016 - 2020 -Campagne 2018},
  author={CIPEL},
  institution={Commission Internationale pour la Protection des Eaux du Léman contre la pollution},
  year={2019}
}
@article{ruiz2015,
  title={Climate change impacts on discharges of the Rhone River in Lyon by the end of the twenty-first century: model results and implications},
  author={Ruiz-Villanueva, Virginia and Stoffel, Markus and Bussi, Gianbattista and Franc{\'e}s, F{\'e}lix and Br{\'e}thaut, Christian},
  journal={Regional Environmental Change},
  volume={15},
  number={3},
  pages={505--515},
  year={2015},
  publisher={Springer}
}
@article{clarvis2014,
  title={Governing and managing water resources under changing hydro-climatic contexts: The case of the upper Rhone basin},
  author={Clarvis, Margot Hill and Fatichi, Simone and Allan, Andrew and Fuhrer, J{\"u}rg and Stoffel, Markus and Romerio, Franco and Gaudard, Ludovic and Burlando, Paolo and Beniston, Martin and Xoplaki, Elena and others},
  journal={Environmental science \& policy},
  volume={43},
  pages={56--67},
  year={2014},
  publisher={Elsevier}
}
@book{edl2019,
  title={\'Etat des lieux du bassin Rhône-Méditerranée},
  author={CRM, Comité de bassin Rhône-Méditerranée},
  publisher={CRM, Comité de bassin Rhône-Méditerranée}, 
  year={2019}
}
@book{rhone2008,
  title={Le Rhône en 100 Questions},
  author={Bravard, Jean-Pierre and Clémens, Anne},
  publisher={Zone Atelier Bassin du Rhône, GRAIE},
  year={2008}
}
@book{lencastre1963,
  title={Manuel d'hydraulique g{\'e}n{\'e}rale},
  author={Lencastre, Armando},
  year={1963},
  publisher={Eyrolles}
}
@article{bonnet2017,
  title={Twentieth-Century Hydrometeorological Reconstructions to Study the Multidecadal Variations of the Water Cycle Over France},
  author={Bonnet, Richard and Bo{\'e}, J and Dayon, G and Martin, E},
  journal={Water Resources Research},
  volume={53},
  number={10},
  pages={8366--8382},
  year={2017},
  publisher={Wiley Online Library}
}
@article{dayon2018,
  title={Impacts of climate change on the hydrological cycle over France and associated uncertainties},
  author={Dayon, Gildas and Boe, Julien and Martin, Eric and Gailhard, Joel},
  journal={Comptes Rendus Geoscience},
  volume={350},
  number={4},
  pages={141--153},
  year={2018},
  publisher={Elsevier}
}
@phdthesis{voirin2003,
  title={Mod{\'e}lisation distribu{\'e}e des flux d'eau et d'{\'e}nergie et des d{\'e}bits {\`a} l'{\'e}chelle r{\'e}gionale du bassin Adour-Garonne},
  author={Voirin-Morel, Sophie},
  year={2003},
  school={Toulouse 3}
}
@article{etchevers2001,
  title={Simulation of the water budget and the river flows of the Rhone basin from 1981 to 1994},
  author={Etchevers, P and Golaz, C and Habets, F},
  journal={journal of hydrology},
  volume={244},
  number={1-2},
  pages={60--85},
  year={2001},
  publisher={Elsevier}
}
@phdthesis{etchevers2000,
  title={Mod{\'e}lisation de la phase continentale du cycle de l’eau {\`a} l’{\'e}chelle r{\'e}gionale. Impact de la mod{\'e}lisation de la neige sur l’hydrologie du Rh{\^o}ne},
  author={Etchevers, P},
  year={2000},
  school={PhD thesis, Universit{\'e} Paul Sabatier, Toulouse}
}
@article{saleh2011,
  title={Modeling the impact of in-stream water level fluctuations on stream-aquifer interactions at the regional scale},
  author={Saleh, Firas and Flipo, Nicolas and Habets, Florence and Ducharne, Agn{\`e}s and Oudin, Ludovic and Viennot, Pascal and Ledoux, Emmanuel},
  journal={Journal of Hydrology},
  volume={400},
  number={3-4},
  pages={490--500},
  year={2011},
  publisher={Elsevier}
}
@article{lemoigne2002,
  title={Description de l’analyse des champs de surface sur la France par le syst{\`e}me SAFRAN},
  author={Le Moigne, Patrick},
  journal={Rap. tech., M{\'e}t{\'e}o-France CNRM/GMME/MC2},
  year={2002}
}
@article{legates1999,
  title={Evaluating the use of goodness-of-fit measures in hydrologic and hydroclimatic model validation},
  author={Legates, David R and McCabe Jr, Gregory J},
  journal={Water resources research},
  volume={35},
  number={1},
  pages={233--241},
  year={1999},
  publisher={Wiley Online Library}
}
@Article{krause2005,
  title={Comparison of different efficiency criteria for hydrological modelassessment},
  author={Krause, P and Boyle, D. P. and Base, F},
  journal={Advances in Geosciecnes},
  volume={5},
  pages={89--97},
  year={2005},
  publisher={Wiley Online Library}
}
@phdthesis{perrin2000,
  title={Vers une am{\'e}lioration d'un mod{\`e}le global pluie-d{\'e}bit},
  author={Perrin, Charles},
  year={2000},
  school={Institut National Polytechnique de Grenoble INPG}
}
@book{kozhov2013,
  title={Lake Baikal and its life},
  author={Kozhov, Mikhail},
  volume={11},
  year={2013},
  publisher={Springer Science \& Business Media}
}
@article{brunello2003,
  title={Lake Baikal: Experience and Lessons Learned Brief},
  author={Brunello, A and Molotov, VC and Dugherkhuu, B and Goldman, C and Khamaganova, E and Strijhova, T and Sigman, R},
  journal={Tahoe-Baikal Institute},
  year={2003}
}
@article{weiss1991,
  title={Deep-water renewal and biological production in Lake Baikal},
  author={Weiss, RF and Carmack, EC Carmack and Koropalov, VM},
  journal={Nature},
  volume={349},
  number={6311},
  pages={665--669},
  year={1991},
  publisher={Nature Publishing Group}
}
@article{moore2009,
  title={Climate change and the world's “sacred sea”—Lake Baikal, Siberia},
  author={Moore, Marianne V and Hampton, Stephanie E and Izmest'Eva, Lyubov R and Silow, Eugene A and Peshkova, Ekaterina V and Pavlov, Boris K},
  journal={BioScience},
  volume={59},
  number={5},
  pages={405--417},
  year={2009},
  publisher={American Institute of Biological Sciences Circulation, AIBS, 1313 Dolley}
}
@article{tornqvist2014,
  title={Evolution of the hydro-climate system in the Lake Baikal basin},
  author={T{\"o}rnqvist, Rebecka and Jarsj{\"o}, Jerker and Pietro{\'n}, Jan and Bring, Arvid and Rogberg, Peter and Asokan, Shilpa M and Destouni, Georgia},
  journal={Journal of Hydrology},
  volume={519},
  pages={1953--1962},
  year={2014},
  publisher={Elsevier}
}
@article{karlsson2012,
  title={Thermokarst lake, hydrological flow and water balance indicators of permafrost change in Western Siberia},
  author={Karlsson, Johanna M{\aa}rd and Lyon, Steve W and Destouni, Georgia},
  journal={Journal of Hydrology},
  volume={464},
  pages={459--466},
  year={2012},
  publisher={Elsevier}
}
@article{nadmitov2015,
  title={Large-scale monitoring and assessment of metal contamination in surface water of the Selenga River Basin (2007--2009)},
  author={Nadmitov, Bulat and Hong, Seongjin and Kang, Sang In and Chu, Jang Min and Gomboev, Bair and Janchivdorj, Lunten and Lee, Chang-Hee and Khim, Jong Seong},
  journal={Environmental Science and Pollution Research},
  volume={22},
  number={4},
  pages={2856--2867},
  year={2015},
  publisher={Springer}
}
@article{brunello2006,
  title={Lake Baikal},
  author={Brunello, Anthony J and Molotov, Valery C and Dugherkhuu, Batbayar and Goldman, Charles and Khamaganova, Erjen and Strijhova, Tatiana and Sigman, Rachel},
  journal={Experiences and Lessons Learned Brief, Tahoe-Baikal Institute, South Lake Tahoe, CA, USA},
  year={2006}
}
@article{garmaeva2001,
  title={Lake Baikal: Model for sustainable development of the territory},
  author={Garmaeva, Tatiana},
  journal={Lakes \& Reservoirs: Research \& Management},
  volume={6},
  number={3},
  pages={253--257},
  year={2001},
  publisher={Wiley Online Library}
}
@article{sutcliffe1999,
  title={The hydrology of the Nile},
  author={Sutcliffe, John V and Parks, Yvonne P and others},
  journal={IAHS Special Publication},
  year={1999},
  publisher={International Association of Hydrological Sciences Wallingford}
}
@book{crul1995,
  title={Limnology and hydrology of Lake Victoria.},
  author={Crul, Ruud CM and others},
  publisher={United Nations Educational Scientific and Cultural Organisation, UNESCO},
  year={1995}
}
@book{paugy2019,
  title={Le lac Victoria: Un {\'e}cosyst{\`e}me boulevers{\'e} par l'Homme},
  author={Paugy, Didier and Lev{\^e}que, Christian},
  year={2019},
  publisher={IRD {\'E}ditions}
}
@article{filatov2019,
  title={Climate change impacts on the watersheds of Lakes Onego and Ladoga from remote sensing and in situ data},
  author={Filatov, Nikolay and Baklagin, Vyacheslav and Efremova, Tatyana and Nazarova, Larisa and Palshin, Nikolay},
  journal={Inland Waters},
  volume={9},
  number={2},
  pages={130--141},
  year={2019},
  publisher={Taylor \& Francis}
}
@article{rukhovets2010,
  title={Ladoga and Onego--Great European Lakes},
  author={Rukhovets, Leonid and Filatov, Nikolai},
  journal={Observation and Modelling. Chichestre, UK: Springer Praxis},
  year={2010},
  publisher={Springer}
}
@article{malmqvist2009,
  title={Rivers of the Fennoscandian shield},
  author={Malmqvist, B and Nilsson, C and Muotka, T and Timm, H},
  journal={Rivers of Europe},
  pages={297--335},
  year={2009},
  publisher={Elsevier San Diego, California}
}
@article{avisse2017,
  title={Monitoring small reservoirs' storage with satellite remote sensing in inaccessible areas},
  author={Avisse, Nicolas and Tilmant, Amaury and M{\"u}ller, Marc Fran{\c{c}}ois and Zhang, Hua},
  journal={Hydrology and Earth System Sciences},
  volume={21},
  number={12},
  pages={6445},
  year={2017},
  publisher={Copernicus GmbH}
}
@article{duan2013,
  title={Estimating water volume variations in lakes and reservoirs from four operational satellite altimetry databases and satellite imagery data},
  author={Duan, Zheng and Bastiaanssen, WGM},
  journal={Remote Sensing of Environment},
  volume={134},
  pages={403--416},
  year={2013},
  publisher={Elsevier}
}
@article{lammers2001,
  title={Assessment of contemporary Arctic river runoff based on observational discharge records},
  author={Lammers, Richard B and Shiklomanov, Alexander I and V{\"o}r{\"o}smarty, Charles J and Fekete, Balazs M and Peterson, Bruce J},
  journal={Journal of Geophysical Research: Atmospheres},
  volume={106},
  number={D4},
  pages={3321--3334},
  year={2001},
  publisher={Wiley Online Library}
}
@article{nicholson2017,
  title={Climate and climatic variability of rainfall over eastern Africa},
  author={Nicholson, Sharon E},
  journal={Reviews of Geophysics},
  volume={55},
  number={3},
  pages={590--635},
  year={2017},
  publisher={Wiley Online Library}
}
@article{woolway2020,
  title={Global lake responses to climate change},
  author={Woolway, R Iestyn and Kraemer, Benjamin M and Lenters, John D and Merchant, Christopher J and O’Reilly, Catherine M and Sharma, Sapna},
  journal={Nature Reviews Earth \& Environment},
  pages={1--16},
  year={2020},
  publisher={Nature Publishing Group}
}
@Article{vergnes2020,
AUTHOR = {Vergnes, J.-P. and Roux, N. and Habets, F. and Ackerer, P. and Amraoui, N. and Besson, F. and Caballero, Y. and Courtois, Q. and de Dreuzy, J.-R. and Etchevers, P. and Gallois, N. and Leroux, D. J. and Longuevergne, L. and Le Moigne, P. and Morel, T. and Munier, S. and Regimbeau, F. and Thi\'ery, D. and Viennot, P.},
TITLE = {The AquiFR hydrometeorological modelling platform as a tool for improving groundwater resource monitoring over France: evaluation over a 60-year period},
JOURNAL = {Hydrology and Earth System Sciences},
VOLUME = {24},
YEAR = {2020},
NUMBER = {2},
PAGES = {633--654},
URL = {https://hess.copernicus.org/articles/24/633/2020/},
DOI = {10.5194/hess-24-633-2020}
}
@Article{napoly2020,
AUTHOR = {Napoly, A. and Boone, A. and Welfringer, T.},
TITLE = {ISBA-MEB (SURFEX v8.1): model snow evaluation for local-scale forest sites},
JOURNAL = {Geoscientific Model Development},
VOLUME = {13},
YEAR = {2020},
NUMBER = {12},
PAGES = {6523--6545},
URL = {https://gmd.copernicus.org/articles/13/6523/2020/},
DOI = {10.5194/gmd-13-6523-2020}
}
@article{vincendon2010,
title = "Benefit of coupling the ISBA land surface model with a TOPMODEL hydrological model version dedicated to Mediterranean flash-floods",
journal = "Journal of Hydrology",
volume = "394",
number = "1",
pages = "256 - 266",
year = "2010",
note = "Flash Floods: Observations and Analysis of Hydrometeorological Controls",
issn = "0022-1694",
doi = "https://doi.org/10.1016/j.jhydrol.2010.04.012",
url = "http://www.sciencedirect.com/science/article/pii/S0022169410001976",
author = "Béatrice Vincendon and Véronique Ducrocq and Georges-Marie Saulnier and Ludovic Bouilloud and Katia Chancibault and Florence Habets and Joël Noilhan",
keywords = "Hydro-meteorological coupling, SVAT, ISBA, TOPMODEL, Flash-flood",
}
@article{boone1999,
  title={Inclusion of a third soil layer in a land surface scheme using the force--restore method},
  author={Boone, Aaron and Calvet, Jean-Christophe and Noilhan, Jo{\"e}l},
  journal={Journal of Applied Meteorology},
  volume={38},
  number={11},
  pages={1611--1630},
  year={1999}
}
@article{douville1995,
  title={A new snow parameterization for the Meteo-France climate model},
  author={Douville, H and Royer, J-F and Mahfouf, J-F},
  journal={Climate Dynamics},
  volume={12},
  number={1},
  pages={21--35},
  year={1995},
  publisher={Springer}
}
@article{gibelin2008,
  title={Modelling energy and CO2 fluxes with an interactive vegetation land surface model-Evaluation at high and middle latitudes},
  author={Gibelin, Anne-Laure and Calvet, Jean-Christophe and Viovy, Nicolas},
  journal={Agricultural and forest meteorology},
  volume={148},
  number={10},
  pages={1611--1628},
  year={2008},
  publisher={Elsevier}
}
@article{calvet2001,
  title={Modelling CO2-enrichment effects using an interactive vegetation SVAT scheme},
  author={Calvet, Jean-Christophe and Soussana, Jean-Fran{\c{c}}ois},
  journal={Agricultural and forest meteorology},
  volume={108},
  number={2},
  pages={129--152},
  year={2001},
  publisher={Elsevier}
}
@article{calvet1998,
  title={An interactive vegetation SVAT model tested against data from six contrasting sites},
  author={Calvet, Jean-Christophe and Noilhan, Jo{\"e}l and Roujean, Jean-Louis and Bessemoulin, Pierre and Cabelguenne, Maurice and Olioso, Albert and Wigneron, Jean-Pierre},
  journal={Agricultural and Forest Meteorology},
  volume={92},
  number={2},
  pages={73--95},
  year={1998},
  publisher={Elsevier}
}
@article{habets2001,
  title={Subgrid runoff parameterization},
  author={Habets, Florence and Saulnier, Georges-Marie},
  journal={Physics and Chemistry of the Earth, Part B: Hydrology, Oceans and Atmosphere},
  volume={26},
  number={5-6},
  pages={455--459},
  year={2001},
  publisher={Elsevier}
}
@incollection{dumenil1992,
  title={A rainfall--runoff scheme for use in the Hamburg climate model},
  author={D{\"u}menil, Lydia and Todini, E},
  booktitle={Advances in theoretical hydrology},
  pages={129--157},
  year={1992},
  publisher={Elsevier}
}
@phdthesis{vergnes2012these,
  title={D{\'e}veloppement d'une mod{\'e}lisation hydrologique incluant la repr{\'e}sentation des aquif{\`e}res: {\'e}valuation sur la France et {\`a} l'{\'e}chelle globale},
  author={Vergnes, Jean-Pierre},
  school={Universit\`e f\'ed\'erale de Toulouse},
  year={2012}
}
@article{kitaigorodskii1970,
  title={On theory of open ocean active layer},
  author={Kitaigorodskii, SA and Miropolsky, Yu Z},
  journal={Izvestiya Akademii Nauk SSSR Fizika Atmosfery I Okeana},
  volume={6},
  number={2},
  pages={178--+},
  year={1970},
  publisher={MEZHDUNARODNAYA KNIGA 39 DIMITROVA UL., MOSCOW, 113095, RUSSIA}
}
@article{hagemann1997,
  title={A parametrization of the lateral waterflow for the global scale},
  author={Hagemann, S and D{\"u}menil, L},
  journal={Climate dynamics},
  volume={14},
  number={1},
  pages={17--31},
  year={1997},
  publisher={Springer}
}

@article{fekete2001,
  title={Scaling gridded river networks for macroscale hydrology: Development, analysis, and control of error},
  author={Fekete, Bal{\'a}zs M and V{\"o}r{\"o}smarty, Charles J and Lammers, Richard B},
  journal={Water Resources Research},
  volume={37},
  number={7},
  pages={1955--1967},
  year={2001},
  publisher={Wiley Online Library}
}
@article{sinyukovich2019,
title = "Water regime of lake Baikal under conditions of climate change and anthropogenic influence",
journal = "Quaternary International",
volume = "524",
pages = "93 - 101",
year = "2019",
note = "Quaternary Freshwater ecosystem: a paleoclimate, paleolandscapes and biostratigraphy approach",
issn = "1040-6182",
doi = "https://doi.org/10.1016/j.quaint.2019.05.023",
url = "http://www.sciencedirect.com/science/article/pii/S1040618218313053",
author = "V.N. Sinyukovich and M.S. Chernyshov",
keywords = "River inflow, Runoff, Level, Climate warming",
}
@article{bastviken2004,
  title={Methane emissions from lakes: Dependence of lake characteristics, two regional assessments, and a global estimate},
  author={Bastviken, David and Cole, Jonathan and Pace, Michael and Tranvik, Lars},
  journal={Global biogeochemical cycles},
  volume={18},
  number={4},
  year={2004},
  publisher={Wiley Online Library}
}
@article{fricker2000,
  title={Bathymetry, stratification, and internal seiche structure},
  author={Fricker, Paul D and Nepf, Heidi M},
  journal={Journal of Geophysical Research: Oceans},
  volume={105},
  number={C6},
  pages={14237--14251},
  year={2000},
  publisher={Wiley Online Library}
}
@article{song2004,
  title={A coupled regional climate model for the Lake Victoria basin of East Africa},
  author={Song, Yi and Semazzi, Fredrick HM and Xie, Lian and Ogallo, Laban J},
  journal={International Journal of Climatology: A Journal of the Royal Meteorological Society},
  volume={24},
  number={1},
  pages={57--75},
  year={2004},
  publisher={Wiley Online Library}
}
@Article{stepanenko2016,
AUTHOR = {Stepanenko, V. and Mammarella, I. and Ojala, A. and Miettinen, H. and Lykosov, V. and Vesala, T.},
TITLE = {LAKE 2.0: a model for temperature, methane, carbon dioxide and oxygen dynamics in lakes},
JOURNAL = {Geoscientific Model Development},
VOLUME = {9},
YEAR = {2016},
NUMBER = {5},
PAGES = {1977--2006},
URL = {https://gmd.copernicus.org/articles/9/1977/2016/},
DOI = {10.5194/gmd-9-1977-2016}
}
@article{joehnk2001,
  title={Modelling the metalimnetic oxygen minimum in a medium sized alpine lake},
  author={Joehnk, Klaus D and Umlauf, Lars},
  journal={Ecological Modelling},
  volume={136},
  number={1},
  pages={67--80},
  year={2001},
  publisher={Elsevier}
}
@article{hipsey2019,
  title={A General Lake Model (GLM 3.0) for linking with high-frequency sensor data from the Global Lake Ecological Observatory Network (GLEON)},
  author={Hipsey, Matthew R and Bruce, Louise C and Boon, Casper and Busch, Brendan and Carey, Cayelan C and Hamilton, David P and Hanson, Paul C and Read, Jordan S and De Sousa, Eduardo and Weber, Michael and others},
  year={2019},
  journal={Geoscientific Model Development},
  publisher={Copernicus GmbH}
}
@article{krause2010,
  title={Hydrological system analysis and modelling of the Nam Co basin in Tibet.},
  author={Krause, P and Biskop, S and Helmschrot, J and Fl{\"u}gel, W-A and Kang, S and Gao, T},
  journal={Advances in Geosciences},
  volume={27},
  year={2010}
}
@article{goudsmit2002,
author = {Goudsmit, G.-H. and Burchard, H. and Peeters, F. and Wüest, A.},
title = {Application of k-{$\epsilon$} turbulence models to enclosed basins: The role of internal seiches},
year={2002},
journal = {Journal of Geophysical Research: Oceans},
volume = {107},
number = {C12},
pages = {23-1-23-13},
keywords = {lake, turbulence model, seiche, stratification, simulation, turbulence kinetic energy},
doi = {10.1029/2001JC000954},
}
@article{liston2004,
  title={The role of winter sublimation in the Arctic moisture budget},
  author={Liston, Glen E and Sturm, M},
  journal={Hydrology Research},
  volume={35},
  number={4-5},
  pages={325--334},
  year={2004},
  publisher={IWA Publishing}
}
@article{stigter2018,
  title={The importance of snow sublimation on a Himalayan glacier},
  author={Stigter, Emmy E and Litt, Maxime and Steiner, Jakob F and Bonekamp, Pleun NJ and Shea, Joseph M and Bierkens, Marc FP and Immerzeel, Walter W},
  journal={Frontiers in Earth Science},
  volume={6},
  pages={108},
  year={2018},
  publisher={Frontiers}
}
@article{box2001,
  title={Sublimation on the Greenland ice sheet from automated weather station observations},
  author={Box, Jason E and Steffen, Konrad},
  journal={Journal of Geophysical Research: Atmospheres},
  volume={106},
  number={D24},
  pages={33965--33981},
  year={2001},
  publisher={Wiley Online Library}
}
@article{pomeroy1999,
  title={Turbulent fluxes during blowing snow: field tests of model sublimation predictions},
  author={Pomeroy, JW and Essery, RLH},
  journal={Hydrological Processes},
  volume={13},
  number={18},
  pages={2963--2975},
  year={1999},
  publisher={Wiley Online Library}
}
@Article{vionnet2014,
AUTHOR = {Vionnet, V. and Martin, E. and Masson, V. and Guyomarc'h, G. and Naaim-Bouvet, F. and Prokop, A. and Durand, Y. and Lac, C.},
TITLE = {Simulation of wind-induced snow transport and sublimation in alpine terrain using a fully coupled snowpack/atmosphere model},
JOURNAL = {The Cryosphere},
VOLUME = {8},
YEAR = {2014},
NUMBER = {2},
PAGES = {395--415},
URL = {https://tc.copernicus.org/articles/8/395/2014/},
DOI = {10.5194/tc-8-395-2014}
}
@article{macdonald2010,
  title={On the importance of sublimation to an alpine snow mass balance in the Canadian Rocky Mountains},
  author={MacDonald, MK and Pomeroy, JW and Pietroniro, A},
  journal={Hydrology and Earth System Sciences},
  volume={14},
  number={7},
  pages={1401},
  year={2010},
  publisher={Copernicus GmbH}
}
@article{groot2013,
  title={Seasonal simulation of drifting snow sublimation in Alpine terrain},
  author={Groot Zwaaftink, Christine D and Mott, Rebecca and Lehning, Michael},
  journal={Water Resources Research},
  volume={49},
  number={3},
  pages={1581--1590},
  year={2013},
  publisher={Wiley Online Library}
}
@article{thiery2017,
  title={Early warnings of hazardous thunderstorms over Lake Victoria},
  author={Thiery, Wim and Gudmundsson, Lukas and Bedka, Kristopher and Semazzi, Fredrick HM and Lhermitte, Stef and Willems, Patrick and Van Lipzig, Nicole PM and Seneviratne, Sonia I},
  journal={Environmental Research Letters},
  volume={12},
  number={7},
  pages={074012},
  year={2017},
  publisher={IOP Publishing}
}
@book{WDDR2019,
author={UN-WATER},
title = {Programme mondial pour l'{\'{e}}valuation des ressources en eau},
file = {:C$\backslash$:/Users/Thibault/AppData/Local/Mendeley Ltd./Mendeley Desktop/Downloaded/Programme mondial pour l'{\'{e}}valuation des ressources en eau (Nations Unies), Unesco. - 2019 - Ne laisser personne pour compte(2).pdf:pdf},
isbn = {9789232001689},
pages = {198},
publisher = {UNESCO},
year = {2019},
url={https://unesdoc.unesco.org/ark:/48223/pf0000367305 (accessed: 16/08/2020}},
}
@article{wada2013,
  title={Human water consumption intensifies hydrological drought worldwide},
  author={Wada, Yoshihide and Van Beek, Ludovicus PH and Wanders, Niko and Bierkens, Marc FP},
  journal={Environmental Research Letters},
  volume={8},
  number={3},
  pages={034036},
  year={2013},
  publisher={IOP Publishing}
}
@article{fee1996,
  title={Effects of lake size, water clarity, and climatic variability on mixing depths in Canadian Shield lakes},
  author={Fee, EJ and Hecky, RE and Kasian, SEM and Cruikshank, DR},
  journal={Limnology and oceanography},
  volume={41},
  number={5},
  pages={912--920},
  year={1996},
  publisher={Wiley Online Library}
}
@article{shatwell2019,
  title={Future projections of temperature and mixing regime of European temperate lakes},
  author={Shatwell, Tom and Thiery, Wim and Kirillin, Georgiy},
  journal={Hydrology and Earth System Sciences},
  volume={23},
  number={3},
  pages={1533--1551},
  year={2019},
  publisher={Copernicus Publications}
}
@article{saros2019,
  title={Arctic climate shifts drive rapid ecosystem responses across the West Greenland landscape},
  author={Saros, Jasmine E and Anderson, Nicholas John and Juggins, Stephen and McGowan, Suzanne and Yde, Jacob C and Telling, Jon and Bullard, Joanna E and Yallop, Marian L and Heathcote, Adam J and Burpee, Benjamin T and others},
  journal={Environmental Research Letters},
  volume={14},
  number={7},
  pages={074027},
  year={2019},
  publisher={IOP Publishing}
}
@article{lucas2003,
  title={Implementation of a large-scale variable velocity river flow routing algorithm in the Canadian Regional Climate Model (CRCM)},
  author={Lucas-Picher, Philippe and Arora, Vivek K and Caya, Daniel and Laprise, Ren{\'e}},
  journal={Atmosphere-ocean},
  volume={41},
  number={2},
  pages={139--153},
  year={2003},
  publisher={Taylor \& Francis}
}
@article{li2019,
  title={High-temporal-resolution water level and storage change data sets for lakes on the Tibetan Plateau during 2000--2017 using multiple altimetric missions and Landsat-derived lake shoreline positions},
  author={Li, Xingdong and Long, Di and Huang, Qi and Han, Pengfei and Zhao, Fanyu and Wada, Yoshihide},
  journal={Earth System Science Data Discussions},
  volume={11},
  number={4},
  pages={1603--1627},
  year={2019},
  publisher={Copernicus Publications}
}
@article{hayashi2000,
  title={Simple equations to represent the volume--area--depth relations of shallow wetlands in small topographic depressions},
  author={Hayashi, M and Van der Kamp, G},
  journal={Journal of hydrology},
  volume={237},
  number={1-2},
  pages={74--85},
  year={2000},
  publisher={Elsevier}
}
@article{arsen2014,
  title={Remote sensing-derived bathymetry of lake Poop{\'o}},
  author={Arsen, Adalbert and Cr{\'e}taux, Jean-Fran{\c{c}}ois and Berge-Nguyen, Muriel and Del Rio, Rodrigo Abarca},
  journal={Remote Sensing},
  volume={6},
  number={1},
  pages={407--420},
  year={2014},
  publisher={Multidisciplinary Digital Publishing Institute}
}
@article{piccolroaz2013,
  title={Deep water renewal in Lake Baikal: A model for long-term analyses},
  author={Piccolroaz, Sebastiano and Toffolon, Marco},
  journal={Journal of Geophysical Research: Oceans},
  volume={118},
  number={12},
  pages={6717--6733},
  year={2013},
  publisher={Wiley Online Library}
}
@article{koshinsky1970,
  title={The morphometry of shield lakes in Saskatchewan},
  author={Koshinsky, Gordon D},
  journal={Limnology and Oceanography},
  volume={15},
  number={5},
  pages={695--701},
  year={1970},
  publisher={Wiley Online Library}
}
@Article{muller2020,
AUTHOR = {M\"uller Schmied, H. and C\'aceres, D. and Eisner, S. and Fl\"orke, M. and Herbert, C. and Niemann, C. and Peiris, T. A. and Popat, E. and Portmann, F. T. and Reinecke, R. and Schumacher, M. and Shadkam, S. and Telteu, C.-E. and Trautmann, T. and D\"oll, P.},
TITLE = {The global water resources and use model WaterGAP v2.2d: Model description and evaluation},
JOURNAL = {Geoscientific Model Development Discussions},
VOLUME = {2020},
YEAR = {2020},
PAGES = {1--69},
URL = {https://gmd.copernicus.org/preprints/gmd-2020-225/},
DOI = {10.5194/gmd-2020-225}
}
@article{lehner2011,
  title={High-resolution mapping of the world's reservoirs and dams for sustainable river-flow management},
  author={Lehner, Bernhard and Liermann, Catherine Reidy and Revenga, Carmen and V{\"o}r{\"o}smarty, Charles and Fekete, Balazs and Crouzet, Philippe and D{\"o}ll, Petra and Endejan, Marcel and Frenken, Karen and Magome, Jun and others},
  journal={Frontiers in Ecology and the Environment},
  volume={9},
  number={9},
  pages={494--502},
  year={2011},
  publisher={Wiley Online Library}
}
@article{sobek2011,
  title={Predicting the depth and volume of lakes from map-derived parameters},
  author={Sobek, Sebastian and Nisell, Jakob and F{\"o}lster, Jens},
  journal={Inland Waters},
  volume={1},
  number={3},
  pages={177--184},
  year={2011},
  publisher={Taylor \& Francis}
}
@book{hutchinson1957,
  title={A Treatise on Limnology. Vol 1: Georgraphy, Physics and Chemistry},
  author={Hutchinson, G Evelyn},
  year={1957},
  publisher={John Wiley \& Sons}
}
@article{neumann1959,
  title={Maximum depth and average depth of lakes},
  author={Neumann, J},
  journal={Journal of the Fisheries Board of Canada},
  volume={16},
  number={6},
  pages={923--927},
  year={1959},
  publisher={NRC Research Press}
}
@article{alkama2008,
  title={Impact of a realistic river routing in coupled ocean--atmosphere simulations of the Last Glacial Maximum climate},
  author={Alkama, Ramdane and Kageyama, M and Ramstein, G and Marti, O and Ribstein, P and Swingedouw, D},
  journal={Climate dynamics},
  volume={30},
  number={7-8},
  pages={855--869},
  year={2008},
  publisher={Springer}
}
@article{douville2016,
  title={Midlatitude daily summer temperatures reshaped by soil moisture under climate change},
  author={Douville, H and Colin, J and Krug, E and Cattiaux, Julien and Thao, S},
  journal={Geophysical Research Letters},
  volume={43},
  number={2},
  pages={812--818},
  year={2016},
  publisher={Wiley Online Library}
}
@article{ducharne2003,
  title={Development of a high resolution runoff routing model, calibration and application to assess runoff from the LMD GCM},
  author={Ducharne, Agn{\`e}s and Golaz, Catherine and Leblois, Etienne and Laval, Katia and Polcher, Jan and Ledoux, Emmanuel and de Marsily, Ghislain},
  journal={Journal of Hydrology},
  volume={280},
  number={1-4},
  pages={207--228},
  year={2003},
  publisher={Elsevier}
}
@article{levis2010,
  title={Modeling vegetation and land use in models of the Earth System},
  author={Levis, Samuel},
  journal={Wiley Interdisciplinary Reviews: Climate Change},
  volume={1},
  number={6},
  pages={840--856},
  year={2010},
  publisher={Wiley Online Library}
}
@article{piccolroaz2020,
  title={Global reconstruction of twentieth century lake surface water temperature reveals different warming trends depending on the climatic zone},
  author={Piccolroaz, Sebastiano and Woolway, R Iestyn and Merchant, Christopher J},
  journal={Climatic Change},
  pages={1--16},
  year={2020},
  publisher={Springer}
}
@article{cherkauer2010,
  title={Hydrologic impacts of projected future climate change in the Lake Michigan region},
  author={Cherkauer, Keith A and Sinha, Tushar},
  journal={Journal of Great Lakes Research},
  volume={36},
  pages={33--50},
  year={2010},
  publisher={Elsevier}
}
@article{burek2016,
  title={Water futures and solution-fast track initiative},
  author={Burek, Peter and Satoh, Yusuke and Fischer, G{\"u}nther and Kahil, MT and Scherzer, A and Tramberend, S and Nava, LF and Wada, Yoshihide and Eisner, Stefanie and Fl{\"o}rke, Martina and others},
  year={2016},
  journal={IIASA, Laxenburg, Austria}
}
@article{forzieri2014,
  title={Ensemble projections of future streamflow droughts in Europe},
  author={Forzieri, Giovanni and Feyen, Luc and Rojas, R and Fl{\"o}rke, Martina and Wimmer, Florian and Bianchi, Alessandra},
  journal={Hydrology and Earth System Sciences},
  volume={18},
  number={1},
  pages={85},
  year={2014},
  publisher={Copernicus GmbH}
}
@article{schneider2013,
  title={How will climate change modify river flow regimes in Europe?},
  author={Schneider, C and Laiz{\'e}, CLR and Acreman, MC and Florke, M},
  journal={Hydrology and Earth System Sciences},
  volume={17},
  number={1},
  pages={325--339},
  year={2013}
}
@article{di2013,
  title={Socio-hydrology: conceptualising human-flood interactions},
  author={Di Baldassarre, Giuliano and Viglione, Alberto and Carr, Gemma and Kuil, Linda and Salinas, JL and Bl{\"o}schl, G},
  journal={Hydrology and Earth System Sciences},
  volume={17},
  number={8},
  pages={3295},
  year={2013},
  publisher={Copernicus GmbH}
}
@article{manabe1969,
  title={Climate and the ocean circulation: I. The atmospheric circulation and the hydrology of the earth's surface},
  author={Manabe, Syukuro},
  journal={Monthly Weather Review},
  volume={97},
  number={11},
  pages={739--774},
  year={1969}
}
@article{deardorff1977,
  title={A parameterization of ground-surface moisture content for use in atmospheric prediction models},
  author={Deardorff, JeW},
  journal={Journal of Applied Meteorology},
  volume={16},
  number={11},
  pages={1182--1185},
  year={1977}
}
@article{alfieri2015,
  title={Global warming increases the frequency of river floods in Europe},
  author={Alfieri, L and Burek, P and Feyen, L and Forzieri, G},
  journal={Hydrology and Earth System Sciences},
  volume={19},
  number={5},
  pages={2247},
  year={2015},
  publisher={Copernicus GmbH}
}
@article{phillips2015,
  title={The potential for CO2-induced acidification in freshwater: A Great Lakes case study},
  author={Phillips, Jennifer C and McKinley, Galen A and Bennington, Val and Bootsma, Harvey A and Pilcher, Darren J and Sterner, Robert W and Urban, Noel R},
  journal={Oceanography},
  volume={28},
  number={2},
  pages={136--145},
  year={2015},
  publisher={JSTOR}
}
@article{eerkes2015,
  title={Microplastics in freshwater systems: a review of the emerging threats, identification of knowledge gaps and prioritisation of research needs},
  author={Eerkes-Medrano, Dafne and Thompson, Richard C and Aldridge, David C},
  journal={Water research},
  volume={75},
  pages={63--82},
  year={2015},
  publisher={Elsevier}
}
@article{schwarzenbach2006,
  title={The challenge of micropollutants in aquatic systems},
  author={Schwarzenbach, Ren{\'e} P and Escher, Beate I and Fenner, Kathrin and Hofstetter, Thomas B and Johnson, C Annette and Von Gunten, Urs and Wehrli, Bernhard},
  journal={Science},
  volume={313},
  number={5790},
  pages={1072--1077},
  year={2006},
  publisher={American Association for the Advancement of Science}
}
@article{kebedew2020,
  title={The Relationship of Lake Morphometry and Phosphorus Dynamics of a Tropical Highland Lake: Lake Tana, Ethiopia},
  author={Kebedew, Mebrahtom G and Kibret, Aron A and Tilahun, Seifu A and Belete, Mulugeta A and Zimale, Fasikaw A and Steenhuis, Tammo S},
  journal={Water},
  volume={12},
  number={8},
  pages={2243},
  year={2020},
  publisher={Multidisciplinary Digital Publishing Institute}
}
@article{bloschl1995,
  title={Scale issues in hydrological modelling: a review},
  author={Bl{\"o}schl, G{\"u}nter and Sivapalan, Murugesu},
  journal={Hydrological processes},
  volume={9},
  number={3-4},
  pages={251--290},
  year={1995},
  publisher={Wiley Online Library}
}
@Article{beven2001,
AUTHOR = {Beven, K.J},
TITLE = {How far can we go in distributed hydrological modelling?},
JOURNAL = {Hydrology and Earth System Sciences},
VOLUME = {5},
YEAR = {2001},
NUMBER = {1},
PAGES = {1--12},
URL = {https://hess.copernicus.org/articles/5/1/2001/},
DOI = {10.5194/hess-5-1-2001}
}
@article{winter2004,
  title={The hydrology of lakes},
  author={Winter, Thomas C},
  journal={The Lakes Handbook,},
  volume={1},
  pages={61--78},
  year={2004},
  publisher={Wiley Online Library}
}
@book{IPCC2013,
   author = {IPCC},
   title = {Climate Change 2013: The Physical Science Basis. Contribution of Working Group I to the Fifth Assessment Report of the Intergovernmental Panel on Climate Change},
   publisher = {Cambridge University Press},
   address = {Cambridge, United Kingdom and New York, NY, USA},
   pages = {1535},
   ISBN = {ISBN 978-1-107-66182-0},
   DOI = {10.1017/CBO9781107415324},
   url = {www.climatechange2013.org},
   year = {2013},
   type = {Book}
}
@article{lac2018,
  title={Overview of the Meso-NH model version 5.4 and its applications},
  author={Lac, Christine and Chaboureau, Pierre and Masson, Val{\'e}ry and Pinty, Pierre and Tulet, Pierre and Escobar, Juan and Leriche, Maud and Barthe, Christelle and Aouizerats, Benjamin and Augros, Clotilde and others},
  journal={Geoscientific Model Development},
  volume={11},
  pages={1929--1969},
  year={2018}
}
@article{bhumralkar1975,
  title={Numerical experiments on the computation of ground surface temperature in an atmospheric general circulation model},
  author={Bhumralkar, Chandrakant M},
  journal={Journal of Applied Meteorology},
  volume={14},
  number={7},
  pages={1246--1258},
  year={1975}
}
@article{blackadar1976,
  title={Modeling the nocturnal boundary layer, paper presented at Third Symposium on Atmospheric Turbulence, Diffusion and Air Quality},
  author={Blackadar, AK},
  journal={Am. Meteorol. Soc., Raleigh, NC},
  year={1976}
}
@article{deardorff1978,
  title={Efficient prediction of ground surface temperature and moisture, with inclusion of a layer of vegetation},
  author={Deardorff, James W},
  journal={Journal of Geophysical Research: Oceans},
  volume={83},
  number={C4},
  pages={1889--1903},
  year={1978},
  publisher={Wiley Online Library}
}
@article{mahfouf1996,
  title={Inclusion of gravitational drainage in a land surface scheme based on the force-restore method},
  author={Mahfouf, JF and Noilhan, J},
  journal={Journal of Applied Meteorology},
  volume={35},
  number={6},
  pages={987--992},
  year={1996}
}
@article{peters1998,
  title={The effect of soil thermal conductivity parameterization on surface energy fluxes and temperatures},
  author={Peters-Lidard, CD and Blackburn, E and Liang, X and Wood, Eric F},
  journal={Journal of the Atmospheric Sciences},
  volume={55},
  number={7},
  pages={1209--1224},
  year={1998}
}
@article{noilhan1995,
  title={GCM grid-scale evaporation from mesoscale modeling},
  author={Noilhan, J and and Lacarrere, P},
  journal={Journal of climate},
  volume={8},
  number={2},
  pages={206--223},
  year={1995}
}
@article{clapp1978,
  title={Empirical equations for some soil hydraulic properties},
  author={Clapp, Roger B and Hornberger, George M},
  journal={Water resources research},
  volume={14},
  number={4},
  pages={601--604},
  year={1978},
  publisher={Wiley Online Library}
}
@article{braud1993,
  title={Bare-ground surface heat and water exchanges under dry conditions: Observations and parameterization},
  author={Braud, I and Noilhan, J and Bessemoulin, P and Mascart, P and Haverkamp, R and Vauclin, M},
  journal={Boundary-Layer Meteorology},
  volume={66},
  number={1-2},
  pages={173--200},
  year={1993},
  publisher={Springer}
}
@article{fuchs1978,
  title={An analysis of sensible and latent heat flow in a partially frozen unsaturated soil},
  author={Fuchs, M and Campbell, GS and Papendick, RI},
  journal={Soil Science Society of America Journal},
  volume={42},
  number={3},
  pages={379--385},
  year={1978},
  publisher={Wiley Online Library}
}
@article{mahfouf1995,
  title={The land surface scheme ISBA within the M{\'e}t{\'e}o-France climate model ARPEGE. Part I. Implementation and preliminary results},
  author={Mahfouf, JF and Manzi, AO and Noilhan, J and Giordani, H and D{\'e}qu{\'e}, M},
  journal={Journal of Climate},
  volume={8},
  number={8},
  pages={2039--2057},
  year={1995}
}
@article{vergnes2018,
  title={Impact of river water levels on the simulation of stream--aquifer exchanges over the Upper Rhine alluvial aquifer (France/Germany)},
  author={Vergnes, Jean-Pierre and Habets, Florence},
  journal={Hydrogeology Journal},
  volume={26},
  number={7},
  pages={2443--2457},
  year={2018},
  publisher={Springer}
}
@article{giard2000,
  title={Implementation of a new assimilation scheme for soil and surface variables in a global NWP model},
  author={Giard, D and Bazile, E},
  journal={Monthly weather review},
  volume={128},
  number={4},
  pages={997--1015},
  year={2000}
}
@book{touchart2002,
  title={Limnologie physique et dynamique: une g{\'e}ographie des lacs et des {\'e}tangs},
  author={Touchart, Laurent},
  year={2002},
  publisher={Editions L'Harmattan}
}
@article{beck2018,
  title={Present and future K{\"o}ppen-Geiger climate classification maps at 1-km resolution},
  author={Beck, Hylke E and Zimmermann, Niklaus E and McVicar, Tim R and Vergopolan, Noemi and Berg, Alexis and Wood, Eric F},
  journal={Scientific data},
  volume={5},
  pages={180214},
  year={2018},
  publisher={Nature Publishing Group}
}
@article{lindstrom2010,
  title={Development and testing of the HYPE (Hydrological Predictions for the Environment) water quality model for different spatial scales},
  author={Lindstr{\"o}m, G{\"o}ran and Pers, Charlotta and Rosberg, J{\"o}rgen and Str{\"o}mqvist, Johan and Arheimer, Berit},
  journal={Hydrology research},
  volume={41},
  number={3-4},
  pages={295--319},
  year={2010},
  publisher={IWA Publishing}
}
@article{thiery2017b,
  title={Present-day irrigation mitigates heat extremes},
  author={Thiery, Wim and Davin, Edouard L and Lawrence, David M and Hirsch, Annette L and Hauser, Mathias and Seneviratne, Sonia I},
  journal={Journal of Geophysical Research: Atmospheres},
  volume={122},
  number={3},
  pages={1403--1422},
  year={2017},
  publisher={Wiley Online Library}
}
@article{saloranta2007,
  title={MyLake—A multi-year lake simulation model code suitable for uncertainty and sensitivity analysis simulations},
  author={Saloranta, Tuomo M and Andersen, Tom},
  journal={Ecological modelling},
  volume={207},
  number={1},
  pages={45--60},
  year={2007},
  publisher={Elsevier}
}
@article{tan2015,
  title={Modeling methane emissions from arctic lakes: Model development and site-level study},
  author={Tan, Zeli and Zhuang, Qianlai and Walter Anthony, Katey},
  journal={Journal of Advances in Modeling Earth Systems},
  volume={7},
  number={2},
  pages={459--483},
  year={2015},
  publisher={Wiley Online Library}
}